,time,mid_price,spread,bid0,b_s0,ask0,a_s0,bid1,b_s1,ask1,a_s1,bid2,b_s2,ask2,a_s2,bid3,b_s3,ask3,a_s3,bid4,b_s4,ask4,a_s4,bid5,b_s5,ask5,a_s5,bid6,b_s6,ask6,a_s6,bid7,b_s7,ask7,a_s7,bid8,b_s8,ask8,a_s8,bid9,b_s9,ask9,a_s9,bid10,b_s10,ask10,a_s10,bid11,b_s11,ask11,a_s11,bid12,b_s12,ask12,a_s12,bid13,b_s13,ask13,a_s13,bid14,b_s14,ask14,a_s14,bid15,b_s15,ask15,a_s15,bid16,b_s16,ask16,a_s16,bid17,b_s17,ask17,a_s17,bid18,b_s18,ask18,a_s18,bid19,b_s19,ask19,a_s19
0,2024-05-07 01:09:44.604,63345.850000000006,0.09999999999854481,63345.8,2.208,63345.9,3.112,63344.2,0.55,63346.0,0.223,63344.0,0.162,63346.5,0.002,63343.8,0.063,63346.8,0.101,63343.2,0.1,63347.0,0.085,63342.8,0.063,63347.6,0.071,63342.3,0.002,63347.7,0.002,63342.2,0.176,63347.9,0.026,63342.0,0.162,63348.0,0.164,63341.8,0.15,63348.1,0.547,63341.6,0.476,63348.6,0.063,63341.5,0.11,63348.8,0.14,63341.2,0.063,63348.9,0.002,63341.1,0.1,63349.2,0.092,63340.7,0.395,63349.7,2.383,63340.6,0.063,63349.8,0.014,63340.4,0.023,63350.0,0.164,63340.1,0.253,63350.2,0.063,63340.0,0.167,63350.3,0.002,63339.9,0.019,63350.8,0.063
1,2024-05-07 01:09:45.941,63345.850000000006,0.09999999999854481,63345.8,2.2,63345.9,3.035,63345.4,0.063,63346.0,0.223,63344.4,0.063,63346.5,0.002,63344.2,0.65,63346.8,0.097,63344.0,0.162,63347.0,0.085,63343.8,0.063,63347.6,0.071,63343.2,0.1,63347.7,0.002,63342.8,0.063,63347.9,0.026,63342.3,0.002,63348.0,0.164,63342.2,0.176,63348.1,0.547,63342.0,0.176,63348.6,0.063,63341.8,0.15,63348.8,0.14,63341.6,0.476,63348.9,0.002,63341.5,0.11,63349.1,2.373,63341.2,0.063,63349.2,0.092,63341.1,0.1,63349.6,0.031,63340.7,0.493,63349.7,0.012,63340.6,0.063,63349.8,0.014,63340.4,0.023,63350.0,0.164,63340.1,0.253,63350.2,0.063
2,2024-05-07 01:09:47.261,63345.850000000006,0.09999999999854481,63345.8,3.701,63345.9,2.624,63345.4,0.063,63346.0,0.223,63344.4,0.063,63346.5,0.002,63344.2,0.65,63346.8,0.097,63344.0,0.162,63347.0,0.063,63343.8,0.063,63347.3,0.023,63343.7,0.042,63347.6,0.071,63343.2,0.1,63347.7,0.002,63342.8,0.063,63347.9,0.026,63342.7,0.098,63348.0,0.164,63342.3,0.002,63348.1,0.147,63342.2,0.176,63348.6,0.063,63342.0,0.176,63348.8,0.14,63341.8,0.15,63348.9,0.002,63341.6,0.476,63349.2,0.092,63341.2,0.063,63349.7,0.012,63341.1,0.1,63349.8,0.014,63340.7,0.395,63350.0,0.164,63340.6,0.063,63350.2,0.265,63340.4,0.023,63350.3,0.002
3,2024-05-07 01:09:48.560,63345.850000000006,0.09999999999854481,63345.8,4.068,63345.9,0.889,63345.4,0.063,63346.0,0.063,63344.4,0.063,63346.5,0.002,63344.2,0.65,63346.8,0.097,63344.0,0.162,63347.0,0.063,63343.8,0.063,63347.3,0.023,63343.7,0.042,63347.6,0.071,63343.2,0.1,63347.7,0.002,63342.8,0.063,63347.9,0.026,63342.7,0.098,63348.0,0.004,63342.3,0.002,63348.1,0.147,63342.2,0.176,63348.6,0.063,63342.0,0.176,63348.8,0.14,63341.8,0.15,63348.9,0.002,63341.6,0.476,63349.2,0.092,63341.2,0.063,63349.7,0.012,63341.1,0.1,63349.8,0.014,63340.7,0.15,63350.0,0.164,63340.6,0.063,63350.1,2.372,63340.4,0.023,63350.2,0.063
4,2024-05-07 01:09:49.864,63345.850000000006,0.09999999999854481,63345.8,2.925,63345.9,1.601,63345.4,0.063,63346.0,0.223,63344.5,0.337,63346.5,0.002,63344.4,0.063,63346.8,0.089,63344.2,0.65,63347.0,0.063,63344.0,0.162,63347.3,0.023,63343.8,0.063,63347.5,0.936,63343.7,0.042,63347.6,0.071,63343.2,0.1,63347.7,0.002,63342.9,0.129,63347.9,0.026,63342.8,0.063,63348.0,0.164,63342.3,0.002,63348.1,0.147,63342.2,0.176,63348.5,2.375,63342.0,0.176,63348.6,0.063,63341.8,0.15,63348.8,0.14,63341.6,0.476,63348.9,0.002,63341.2,0.063,63349.2,0.092,63341.1,0.1,63349.7,0.012,63340.7,0.15,63349.8,0.014,63340.6,0.063,63350.0,0.164
5,2024-05-07 01:09:51.170,63345.850000000006,0.09999999999854481,63345.8,2.826,63345.9,1.683,63345.4,0.063,63346.0,0.063,63344.5,0.337,63346.5,0.002,63344.4,0.063,63346.8,0.008,63344.2,0.65,63347.0,0.063,63344.0,0.162,63347.3,0.023,63343.8,0.063,63347.5,0.203,63343.7,0.042,63347.6,0.071,63343.2,0.1,63347.7,0.002,63342.9,0.129,63347.9,0.026,63342.8,0.063,63348.0,0.164,63342.3,0.002,63348.1,0.147,63342.2,0.176,63348.6,0.063,63342.1,0.472,63348.8,0.14,63342.0,0.162,63348.9,0.002,63341.9,0.015,63349.2,0.092,63341.8,0.15,63349.7,0.012,63341.6,0.476,63349.8,0.014,63341.3,0.044,63350.0,0.164,63341.2,0.075,63350.2,0.063
6,2024-05-07 01:09:52.493,63345.850000000006,0.09999999999854481,63345.8,2.714,63345.9,2.006,63345.4,0.063,63346.0,0.223,63344.5,0.337,63346.5,0.002,63344.4,0.063,63346.8,0.002,63344.2,0.65,63347.0,0.063,63344.0,0.162,63347.3,0.023,63343.8,0.063,63347.5,0.937,63343.7,0.042,63347.6,0.071,63343.2,0.1,63347.7,0.002,63342.9,0.129,63347.9,0.026,63342.8,0.063,63348.0,0.164,63342.3,0.002,63348.1,0.147,63342.2,0.176,63348.6,2.441,63342.1,0.072,63348.8,0.14,63342.0,0.162,63348.9,0.002,63341.9,0.015,63349.2,0.092,63341.8,0.15,63349.7,0.012,63341.6,0.476,63349.8,0.014,63341.3,0.044,63350.0,0.164,63341.2,0.075,63350.2,0.063
7,2024-05-07 01:09:53.799,63345.850000000006,0.09999999999854481,63345.8,2.197,63345.9,2.311,63345.4,0.063,63346.0,0.223,63344.5,0.337,63346.5,0.002,63344.4,0.063,63346.8,0.002,63344.2,0.65,63347.0,0.063,63344.0,0.162,63347.3,0.023,63343.8,0.063,63347.6,0.071,63343.7,0.042,63347.7,0.002,63343.2,0.1,63347.9,0.026,63342.9,0.129,63348.0,0.164,63342.8,0.063,63348.1,0.147,63342.3,0.002,63348.6,0.063,63342.2,0.176,63348.7,0.914,63342.1,0.072,63348.8,2.519,63342.0,0.162,63348.9,0.002,63341.9,0.015,63349.2,0.092,63341.8,0.15,63349.7,0.012,63341.6,0.476,63349.8,0.014,63341.3,0.044,63350.0,0.164,63341.2,0.075,63350.2,0.063
8,2024-05-07 01:09:55.108,63345.850000000006,0.09999999999854481,63345.8,1.951,63345.9,2.377,63345.4,0.063,63346.0,0.223,63344.5,0.337,63346.5,0.002,63344.4,0.063,63346.8,0.002,63344.2,0.65,63347.0,0.063,63344.0,0.162,63347.3,0.023,63343.8,0.063,63347.6,0.071,63343.7,0.042,63347.7,0.002,63343.2,0.1,63347.9,0.026,63342.9,0.129,63348.0,0.164,63342.8,0.063,63348.1,0.147,63342.3,0.002,63348.6,0.063,63342.2,0.176,63348.7,1.314,63342.1,0.072,63348.8,2.519,63342.0,0.162,63348.9,0.002,63341.9,0.015,63349.2,0.092,63341.8,0.15,63349.7,0.012,63341.6,0.476,63349.8,0.014,63341.3,0.044,63350.0,0.164,63341.2,0.075,63350.2,0.063
9,2024-05-07 01:09:56.401,63330.05,0.09999999999854481,63330.0,0.658,63330.1,7.293,63329.9,0.002,63330.2,0.534,63329.7,0.002,63330.3,0.02,63329.4,0.014,63330.8,0.002,63329.1,0.002,63331.0,0.209,63328.8,0.002,63331.5,0.253,63328.2,0.002,63331.6,0.063,63328.1,0.062,63331.7,0.236,63328.0,0.212,63332.0,0.172,63327.8,0.028,63332.1,0.675,63327.6,0.077,63332.2,0.01,63327.4,0.002,63332.6,0.063,63327.2,0.301,63333.2,0.063,63326.9,0.083,63333.9,0.253,63326.8,0.002,63334.0,0.162,63326.4,0.039,63334.2,0.063,63326.2,0.006,63334.8,0.063,63326.1,0.246,63335.1,0.012,63326.0,0.004,63335.2,0.391,63325.9,0.002,63335.6,0.002
10,2024-05-07 01:09:57.722,63326.149999999994,0.09999999999854481,63326.1,7.719,63326.2,0.167,63326.0,0.172,63327.4,0.078,63325.9,0.002,63328.0,0.002,63325.7,0.012,63328.2,0.002,63325.5,0.012,63328.7,0.01,63325.3,0.425,63329.3,0.106,63325.2,0.063,63329.4,0.063,63325.0,0.11,63329.7,0.002,63324.9,0.224,63329.8,0.147,63324.8,0.048,63330.0,0.079,63324.7,0.029,63330.1,0.515,63324.6,0.063,63330.2,0.01,63324.5,0.002,63331.0,0.063,63324.2,1.226,63331.4,0.002,63324.0,0.168,63331.6,0.063,63323.7,0.002,63332.0,0.164,63323.6,0.084,63332.1,0.033,63323.4,0.002,63332.6,0.063,63323.3,0.039,63333.0,0.004,63323.0,0.077,63333.1,0.002
11,2024-05-07 01:09:59.030,63329.75,0.10000000000582077,63329.7,14.181,63329.8,0.486,63329.6,0.587,63330.0,0.002,63329.4,0.063,63330.1,0.099,63329.3,0.461,63331.0,0.063,63329.1,0.109,63331.6,0.063,63328.4,0.063,63332.0,0.004,63328.1,0.1,63332.6,0.063,63328.0,0.162,63333.1,0.92,63327.9,0.933,63333.2,0.065,63327.8,0.065,63333.3,0.01,63327.4,0.705,63333.6,0.002,63327.3,0.15,63333.7,0.14,63327.2,0.627,63334.0,0.164,63327.1,0.002,63334.1,2.414,63327.0,0.3,63334.2,0.063,63326.8,0.069,63334.7,0.016,63326.5,0.009,63334.8,0.063,63326.2,0.063,63335.0,0.08,63326.1,0.864,63335.1,0.012,63326.0,0.162,63335.6,0.002
12,2024-05-07 01:10:00.337,63329.75,0.10000000000582077,63329.7,11.288,63329.8,0.63,63329.6,0.593,63330.0,0.065,63329.4,0.063,63330.1,0.09,63329.3,0.018,63331.0,0.063,63329.1,0.109,63331.6,0.063,63328.4,0.063,63332.0,0.164,63328.1,0.1,63332.6,0.063,63328.0,0.162,63333.0,0.01,63327.9,0.55,63333.1,0.922,63327.8,0.065,63333.2,0.065,63327.4,0.705,63333.3,0.01,63327.3,0.15,63333.6,0.002,63327.2,0.384,63333.7,0.14,63327.0,0.3,63334.0,0.164,63326.8,0.063,63334.1,0.026,63326.5,0.009,63334.2,2.447,63326.2,0.063,63334.7,0.016,63326.1,0.864,63334.8,0.063,63326.0,0.162,63335.0,0.08,63325.5,0.002,63335.1,0.012
13,2024-05-07 01:10:01.681,63329.75,0.10000000000582077,63329.7,12.593,63329.8,0.659,63329.6,0.599,63330.0,0.002,63329.4,0.063,63330.1,0.09,63329.3,0.018,63331.0,0.063,63329.1,0.125,63331.6,0.063,63328.4,0.063,63332.0,0.164,63328.1,0.1,63332.6,0.063,63328.0,0.162,63333.1,0.911,63327.9,0.55,63333.2,0.065,63327.8,0.065,63333.3,0.01,63327.4,0.476,63333.6,0.002,63327.3,0.15,63333.7,0.14,63327.2,0.384,63334.0,0.164,63327.0,0.3,63334.2,0.063,63326.8,0.063,63334.4,2.376,63326.5,0.009,63334.7,0.016,63326.2,0.063,63334.8,0.089,63326.1,0.864,63335.0,0.08,63326.0,0.164,63335.1,0.012,63325.5,0.002,63335.5,0.02
14,2024-05-07 01:10:03.022,63329.75,0.10000000000582077,63329.7,2.215,63329.8,2.229,63329.6,0.162,63329.9,0.01,63329.4,0.063,63330.0,0.223,63329.3,0.012,63331.0,0.063,63329.1,0.084,63331.4,0.218,63328.4,0.063,63331.6,0.063,63328.0,0.164,63331.7,0.01,63327.9,0.152,63331.8,0.233,63327.8,0.063,63332.0,0.162,63327.3,0.15,63332.1,0.078,63326.9,0.009,63332.2,0.018,63326.8,0.065,63332.6,0.063,63326.6,0.002,63333.2,0.065,63326.2,0.063,63333.3,0.002,63326.1,0.17,63333.8,0.081,63326.0,0.164,63334.0,0.164,63325.5,0.002,63334.2,0.063,63325.2,0.063,63334.3,0.002,63325.1,0.526,63334.7,0.063,63325.0,0.11,63334.8,0.063
15,2024-05-07 01:10:04.332,63325.05,0.09999999999854481,63325.0,0.108,63325.1,6.186,63324.9,0.224,63325.2,0.063,63324.8,0.048,63325.6,0.02,63324.7,0.006,63326.0,2.735,63324.5,0.041,63326.1,1.262,63324.2,0.526,63326.2,0.339,63324.0,0.17,63326.8,0.063,63323.7,0.002,63326.9,0.798,63323.6,0.021,63327.5,0.02,63323.5,0.034,63327.8,0.063,63323.4,0.002,63328.0,0.309,63323.3,0.039,63328.4,0.456,63323.1,0.102,63328.5,0.747,63323.0,0.19,63329.3,0.01,63322.9,0.432,63329.4,0.063,63322.3,0.002,63329.5,0.253,63322.2,0.026,63329.7,0.078,63322.0,0.253,63329.8,0.1,63321.7,0.05,63329.9,0.265,63321.6,0.542,63330.0,0.225
16,2024-05-07 01:10:05.638,63325.05,0.09999999999854481,63325.0,3.177,63325.1,0.883,63324.9,0.23,63325.5,0.002,63324.8,0.048,63326.0,0.002,63324.7,0.006,63327.7,0.074,63324.6,0.069,63327.8,0.063,63324.4,0.006,63328.0,0.162,63324.3,0.253,63328.4,0.063,63324.2,0.526,63328.6,0.002,63324.0,0.166,63329.3,0.082,63323.7,0.002,63329.4,0.063,63323.6,0.084,63329.7,0.078,63323.5,0.022,63329.8,0.1,63323.4,0.002,63330.0,0.227,63323.3,0.515,63330.1,0.002,63323.2,0.974,63330.3,0.004,63323.1,0.102,63330.8,0.019,63323.0,0.19,63331.0,0.063,63322.9,0.432,63331.1,0.023,63322.8,0.253,63331.3,0.126,63322.3,0.002,63331.4,0.78
17,2024-05-07 01:10:06.939,63325.05,0.09999999999854481,63325.0,2.32,63325.1,1.474,63324.9,0.392,63325.5,0.002,63324.8,0.17,63326.0,0.002,63324.7,0.083,63327.7,0.074,63324.6,0.096,63327.8,0.063,63324.3,0.253,63328.0,0.162,63324.2,0.606,63328.4,0.063,63324.0,0.166,63328.6,0.002,63323.7,0.002,63329.4,0.063,63323.6,0.084,63329.7,0.078,63323.5,0.022,63329.9,0.317,63323.4,0.002,63330.0,0.227,63323.3,0.515,63330.1,0.002,63323.0,0.077,63330.3,0.004,63322.8,0.253,63330.8,0.019,63322.3,0.002,63331.0,0.962,63322.2,0.026,63331.1,0.023,63322.0,0.273,63331.3,0.639,63321.8,0.519,63331.4,0.268,63321.7,0.587,63331.6,0.069
18,2024-05-07 01:10:08.262,63334.45,0.09999999999854481,63334.4,2.506,63334.5,1.791,63334.2,0.063,63334.8,0.063,63334.1,0.106,63335.7,0.05,63334.0,0.16,63335.8,0.063,63333.9,0.11,63336.0,0.006,63333.3,0.281,63336.4,0.063,63333.2,0.065,63337.3,0.002,63333.1,0.158,63337.6,0.04,63332.8,0.15,63337.8,0.118,63332.6,0.063,63338.0,0.193,63332.1,0.182,63338.1,0.03,63332.0,0.164,63338.6,0.014,63331.8,0.4,63338.9,0.061,63331.7,0.703,63339.0,0.063,63331.6,0.063,63339.1,0.039,63331.0,0.063,63339.2,0.002,63330.2,0.002,63339.3,0.022,63330.0,0.287,63339.6,0.002,63329.5,0.474,63339.7,0.082,63329.4,0.906,63340.0,0.164
19,2024-05-07 01:10:09.566,63344.149999999994,0.09999999999854481,63344.1,6.491,63344.2,2.428,63343.7,0.023,63344.4,0.063,63342.8,0.063,63344.9,0.022,63342.2,0.063,63345.3,0.002,63342.0,0.162,63345.4,0.065,63341.9,0.509,63345.5,0.002,63341.4,0.008,63345.7,0.148,63341.2,0.063,63345.8,0.273,63340.7,0.253,63345.9,0.02,63340.6,0.065,63346.0,0.225,63340.0,0.164,63346.5,0.002,63339.7,0.002,63346.8,0.002,63339.6,0.213,63347.5,0.002,63339.0,0.583,63347.6,0.024,63338.9,0.002,63347.7,0.004,63338.8,0.003,63348.0,0.164,63338.6,0.094,63348.5,0.002,63338.5,0.11,63348.6,0.012,63338.4,0.11,63349.1,0.002,63338.2,0.15,63349.3,0.953
20,2024-05-07 01:10:10.883,63344.149999999994,0.09999999999854481,63344.1,7.228,63344.2,0.233,63344.0,0.16,63345.3,0.002,63343.8,0.063,63345.4,0.002,63342.8,0.063,63345.5,0.002,63342.7,0.253,63345.7,0.148,63342.2,0.063,63345.8,0.273,63342.0,0.162,63345.9,0.02,63341.9,0.345,63346.0,0.004,63341.2,0.063,63346.5,0.002,63340.8,0.18,63346.8,0.002,63340.7,0.253,63347.0,0.063,63340.6,0.065,63347.5,0.002,63340.1,0.008,63347.6,0.087,63340.0,0.164,63347.7,0.004,63339.7,0.002,63348.0,0.164,63339.6,0.213,63348.5,0.002,63339.0,0.466,63348.6,0.075,63338.9,0.002,63349.1,0.002,63338.8,0.003,63349.2,0.063,63338.5,0.11,63349.4,0.093
21,2024-05-07 01:10:12.196,63352.75,0.10000000000582077,63352.7,0.998,63352.8,2.609,63352.2,0.64,63353.4,0.063,63352.1,0.062,63353.5,0.023,63352.0,0.002,63353.9,0.105,63351.5,0.15,63354.0,0.225,63350.9,0.15,63354.7,0.026,63350.5,0.015,63355.0,0.063,63350.2,0.253,63355.3,0.002,63350.0,0.162,63355.8,0.01,63349.8,0.002,63356.0,0.164,63349.6,0.017,63356.1,0.002,63349.2,0.067,63356.8,0.002,63348.6,0.163,63357.0,0.002,63348.3,0.008,63357.2,0.063,63348.0,0.184,63357.8,0.963,63347.9,0.15,63357.9,0.979,63347.8,0.002,63358.0,0.188,63347.7,0.002,63358.1,0.01,63347.6,0.343,63358.2,0.067,63347.5,0.002,63358.4,0.257
22,2024-05-07 01:10:13.501,63360.850000000006,0.09999999999854481,63360.8,1.954,63360.9,1.327,63360.6,0.007,63361.2,0.168,63360.2,0.002,63361.3,0.49,63360.0,0.172,63361.4,0.107,63359.8,0.063,63361.6,0.157,63359.7,0.241,63361.8,0.11,63359.5,0.888,63361.9,0.25,63359.1,0.119,63362.0,0.225,63358.8,0.063,63364.0,0.162,63358.6,0.002,63364.1,0.568,63358.5,0.002,63364.6,0.072,63358.4,0.012,63364.9,0.073,63358.2,0.091,63365.1,0.4,63358.1,0.002,63365.2,0.065,63358.0,0.164,63366.0,0.164,63357.9,0.115,63366.2,0.063,63357.8,0.002,63366.3,0.005,63357.2,0.063,63366.5,0.166,63357.1,0.253,63366.7,0.14,63357.0,0.007,63366.8,0.063
23,2024-05-07 01:10:14.810,63361.95,0.09999999999854481,63361.9,2.824,63362.0,0.824,63361.4,0.063,63363.0,0.063,63361.3,0.15,63363.6,0.073,63361.2,0.15,63363.9,0.379,63360.8,0.189,63364.0,0.002,63360.6,0.002,63364.1,0.55,63360.4,0.063,63364.6,0.063,63360.3,0.023,63365.1,0.4,63360.0,0.162,63365.2,0.065,63359.9,0.244,63366.0,0.164,63359.8,0.071,63366.2,0.063,63359.5,0.888,63366.7,0.14,63359.1,0.519,63366.8,0.063,63358.8,0.063,63367.2,0.004,63358.7,0.002,63367.5,0.002,63358.6,0.002,63367.6,0.002,63358.5,0.255,63367.7,0.002,63358.4,0.012,63367.8,0.063,63358.2,0.063,63367.9,0.899,63358.1,0.007,63368.0,0.164
24,2024-05-07 01:10:16.117,63366.55,0.09999999999854481,63366.5,8.611,63366.6,1.183,63366.2,0.063,63367.2,0.004,63366.1,0.012,63367.5,0.002,63366.0,0.415,63367.6,0.002,63365.2,0.063,63367.7,0.002,63365.1,0.611,63367.8,0.063,63365.0,0.13,63368.0,0.002,63364.9,0.25,63368.1,0.288,63364.6,0.243,63368.4,0.094,63364.0,0.162,63369.1,0.022,63363.7,0.253,63369.3,0.864,63363.6,0.063,63369.4,0.068,63363.1,0.23,63369.7,0.002,63363.0,2.326,63369.9,1.137,63362.9,0.476,63370.0,4.622,63362.6,0.227,63370.8,0.14,63362.5,0.247,63371.0,0.063,63362.0,1.121,63371.1,0.006,63361.9,0.843,63371.2,0.002,63361.8,0.009,63371.6,0.063
25,2024-05-07 01:10:17.427,63366.55,0.09999999999854481,63366.5,8.33,63366.6,0.648,63366.2,0.063,63366.7,0.002,63366.1,0.012,63367.5,0.002,63366.0,0.415,63367.7,0.002,63365.2,0.063,63367.8,0.063,63365.1,0.368,63368.0,0.002,63365.0,0.073,63368.1,0.006,63364.9,0.25,63368.4,0.065,63364.6,0.243,63369.0,0.303,63364.0,1.162,63369.3,0.864,63363.7,0.363,63369.4,0.091,63363.6,0.063,63369.7,0.002,63363.1,0.23,63369.9,1.137,63363.0,0.826,63370.0,4.622,63362.9,0.476,63370.4,0.002,63362.6,0.227,63370.9,0.202,63362.5,0.243,63371.0,0.063,63362.0,1.121,63371.1,0.006,63361.9,0.75,63371.2,0.002,63361.8,0.009,63371.6,0.063
26,2024-05-07 01:10:18.742,63366.55,0.09999999999854481,63366.5,3.67,63366.6,1.815,63366.2,0.063,63366.7,0.004,63366.0,0.162,63366.8,0.063,63365.2,0.063,63367.5,0.002,63365.1,0.15,63367.7,0.002,63365.0,0.135,63367.8,0.063,63364.9,0.15,63368.0,0.172,63364.6,0.063,63368.1,0.006,63364.0,0.162,63368.4,0.143,63363.7,0.11,63369.0,0.425,63363.6,0.089,63369.3,0.864,63363.0,0.365,63369.4,0.091,63362.0,1.115,63369.7,0.002,63361.9,0.175,63369.8,0.4,63361.8,0.009,63369.9,1.137,63361.4,0.08,63370.0,4.622,63361.3,0.273,63370.4,0.002,63361.2,0.15,63370.9,0.202,63360.8,0.015,63371.0,0.063,63360.6,0.002,63371.1,0.006
27,2024-05-07 01:10:20.057,63366.55,0.09999999999854481,63366.5,3.11,63366.6,1.197,63366.2,0.063,63366.7,0.004,63366.0,0.162,63366.8,0.063,63365.2,0.063,63367.0,0.006,63365.1,0.15,63367.2,0.063,63365.0,0.135,63367.5,0.002,63364.9,0.15,63367.8,0.063,63364.6,0.063,63368.0,0.002,63364.0,0.162,63368.1,0.006,63363.7,0.11,63368.4,0.143,63363.6,0.089,63369.0,0.425,63363.2,0.137,63369.3,0.864,63363.0,0.365,63369.4,0.091,63362.0,1.115,63369.7,0.002,63361.9,0.173,63369.9,1.537,63361.8,0.009,63370.0,4.622,63361.5,0.005,63370.4,0.002,63361.4,0.333,63370.9,0.202,63361.3,0.273,63371.0,0.063,63361.2,0.15,63371.1,0.006
28,2024-05-07 01:10:21.350,63369.25,0.10000000000582077,63369.2,5.911,63369.3,2.222,63368.9,0.154,63369.4,0.03,63368.0,0.412,63369.6,0.063,63367.5,0.002,63369.7,0.002,63367.2,0.063,63369.9,1.135,63366.8,0.063,63370.0,5.182,63366.6,0.344,63370.4,0.002,63366.5,0.285,63370.8,0.063,63366.0,0.225,63371.0,0.063,63365.7,0.002,63371.1,0.006,63365.2,0.063,63371.6,0.063,63365.1,0.15,63372.0,0.333,63365.0,0.007,63372.5,0.142,63364.9,0.15,63372.6,0.063,63364.8,0.253,63372.8,0.002,63364.6,0.063,63373.1,0.002,63364.0,0.162,63373.2,0.063,63363.7,0.11,63373.3,0.002,63363.6,0.089,63373.5,0.014,63363.1,0.005,63373.6,0.044
29,2024-05-07 01:10:22.671,63369.25,0.10000000000582077,63369.2,0.458,63369.3,4.726,63369.1,0.251,63369.4,0.04,63368.0,0.002,63369.6,0.063,63367.5,0.002,63369.7,0.002,63366.7,0.03,63369.8,0.4,63366.6,0.091,63369.9,1.135,63366.5,0.016,63370.0,4.782,63366.0,0.002,63370.4,0.002,63365.7,0.002,63370.8,0.141,63365.0,0.007,63371.1,0.006,63364.0,0.162,63371.6,0.063,63363.7,0.11,63372.0,0.396,63363.6,0.026,63372.5,0.142,63363.3,0.018,63372.6,0.063,63363.0,0.302,63372.7,0.009,63362.4,0.063,63372.8,0.26,63362.2,0.297,63373.1,0.002,63362.0,1.115,63373.2,0.063,63361.9,0.173,63373.3,0.002,63361.8,0.009,63373.5,0.088
30,2024-05-07 01:10:23.982,63360.350000000006,0.09999999999854481,63360.3,3.739,63360.4,2.437,63360.0,0.16,63360.7,0.15,63359.8,0.063,63361.4,0.063,63359.2,0.168,63362.0,0.225,63359.1,0.126,63362.9,0.151,63358.8,0.063,63363.0,0.063,63358.5,0.002,63363.1,0.4,63358.4,0.012,63363.5,0.078,63358.1,0.025,63363.6,0.063,63358.0,0.164,63363.7,0.01,63357.8,0.002,63364.0,0.164,63357.2,0.063,63364.1,0.057,63357.0,0.002,63364.6,0.063,63356.9,0.002,63364.9,0.002,63356.6,0.063,63365.0,0.102,63356.2,0.046,63365.2,0.063,63356.1,0.355,63365.9,0.144,63356.0,0.166,63366.0,0.164,63355.6,0.316,63366.1,0.3,63355.5,0.002,63366.2,0.063
31,2024-05-07 01:10:25.285,63360.55,0.09999999999854481,63360.5,0.454,63360.6,7.009,63360.3,0.208,63361.3,0.459,63360.0,0.002,63361.4,0.063,63359.9,0.11,63362.0,1.133,63359.3,0.15,63362.1,0.228,63359.2,0.302,63363.0,0.063,63358.8,0.063,63363.4,0.22,63358.2,0.063,63363.5,0.565,63358.0,0.164,63363.6,0.063,63357.4,0.144,63363.7,0.04,63357.2,0.005,63364.0,0.162,63357.0,0.015,63364.6,0.073,63356.6,0.065,63364.7,0.427,63356.5,0.267,63364.9,0.004,63356.2,0.222,63365.2,0.063,63356.0,0.166,63365.3,0.3,63355.9,0.119,63365.7,0.02,63355.6,0.063,63366.0,0.164,63355.5,0.002,63366.2,0.063,63355.2,0.119,63366.6,0.002
32,2024-05-07 01:10:26.592,63357.95,0.09999999999854481,63357.9,3.663,63358.0,3.068,63357.8,0.002,63358.2,0.463,63357.2,0.063,63358.7,0.095,63357.0,0.502,63358.8,0.063,63356.9,1.038,63359.8,0.063,63356.6,0.063,63360.0,0.164,63356.5,0.25,63360.4,0.615,63356.0,0.338,63360.6,0.004,63355.9,0.032,63361.4,0.063,63355.6,0.063,63361.7,0.002,63355.4,0.119,63361.9,0.076,63355.1,0.023,63362.0,0.227,63355.0,0.063,63362.1,0.228,63354.7,0.002,63362.3,0.022,63354.5,0.363,63363.0,0.063,63354.0,0.237,63363.2,0.14,63353.5,0.002,63363.6,0.09,63353.4,0.063,63364.0,0.164,63353.0,0.253,63364.4,0.002,63352.5,0.785,63364.6,0.063
33,2024-05-07 01:10:27.918,63354.55,0.09999999999854481,63354.5,2.068,63354.6,2.595,63354.0,0.225,63354.8,0.55,63353.8,0.022,63355.0,0.063,63353.4,0.063,63355.6,0.063,63352.4,1.187,63356.0,1.073,63352.3,0.951,63356.1,0.55,63352.2,0.945,63356.6,0.063,63352.1,0.128,63357.0,0.152,63352.0,0.164,63357.2,0.063,63351.9,0.11,63357.9,0.908,63351.8,0.002,63358.0,0.622,63351.6,0.002,63358.1,0.002,63351.5,0.974,63358.2,0.063,63351.4,0.959,63358.6,0.002,63351.2,0.091,63358.7,0.062,63351.1,0.111,63358.8,0.063,63351.0,0.1,63359.8,0.063,63350.8,0.063,63360.0,0.164,63350.5,0.005,63360.4,0.065,63350.4,0.888,63360.6,0.014
34,2024-05-07 01:10:29.226,63357.95,0.09999999999854481,63357.9,9.38,63358.0,0.184,63357.4,0.18,63360.0,0.004,63357.3,0.01,63360.4,0.002,63357.2,0.063,63360.6,0.004,63357.0,0.074,63361.1,0.002,63356.6,0.174,63361.5,0.005,63356.1,1.5,63361.7,0.002,63356.0,0.162,63361.9,0.126,63355.9,1.196,63362.0,0.067,63355.8,0.002,63362.3,0.056,63355.6,0.063,63363.0,0.063,63355.1,0.234,63363.2,0.14,63355.0,0.606,63363.6,0.063,63354.7,0.002,63364.0,0.164,63354.6,2.183,63364.6,0.063,63354.5,1.0,63364.7,0.002,63354.4,0.002,63364.8,0.008,63354.0,0.225,63364.9,0.004,63353.8,0.022,63365.0,0.083,63353.7,0.222,63365.1,0.056
35,2024-05-07 01:10:30.536,63359.95,0.09999999999854481,63359.9,15.541,63360.0,0.423,63359.8,0.633,63360.4,0.002,63359.2,0.028,63360.6,0.004,63358.8,0.063,63362.0,0.004,63358.7,0.352,63362.9,0.025,63358.6,0.002,63363.0,0.063,63358.2,0.069,63363.6,0.063,63358.0,1.54,63363.9,0.091,63357.9,0.714,63364.0,0.164,63357.2,0.182,63364.5,0.005,63357.0,0.074,63364.6,0.063,63356.6,0.174,63364.7,0.007,63356.2,0.004,63364.8,0.008,63356.1,1.0,63364.9,0.004,63356.0,0.164,63365.0,0.024,63355.9,1.264,63365.1,0.056,63355.8,0.002,63365.2,0.135,63355.6,0.063,63365.3,0.056,63355.5,0.002,63365.4,0.005,63355.2,0.586,63365.5,0.032
36,2024-05-07 01:10:31.832,63363.95,0.09999999999854481,63363.9,6.884,63364.0,2.514,63363.8,0.262,63364.6,0.063,63363.7,0.49,63364.7,0.002,63363.6,0.553,63364.8,0.008,63363.0,0.063,63364.9,0.18,63362.8,0.806,63365.0,0.024,63362.7,0.002,63365.1,0.056,63362.0,0.725,63365.2,0.135,63361.8,0.253,63365.3,0.056,63361.4,0.063,63365.4,0.005,63361.2,0.002,63365.5,0.032,63360.7,0.197,63366.0,0.164,63360.6,1.0,63366.2,0.063,63360.4,0.063,63366.6,0.002,63360.3,0.493,63366.8,0.063,63360.0,0.741,63367.0,0.14,63359.9,0.112,63367.4,0.078,63359.8,0.533,63367.5,0.002,63359.2,0.028,63367.8,0.063,63358.9,0.406,63368.0,0.164
37,2024-05-07 01:10:33.142,63363.95,0.09999999999854481,63363.9,6.686,63364.0,0.206,63363.8,0.262,63364.7,0.002,63363.7,0.49,63365.2,0.111,63363.6,0.553,63365.3,0.024,63363.0,0.063,63365.4,0.005,63362.8,0.626,63365.5,0.032,63362.7,0.002,63366.0,0.004,63362.0,0.225,63366.2,0.063,63361.9,1.0,63366.6,0.002,63361.8,0.253,63366.8,0.063,63361.4,0.063,63367.0,0.14,63361.2,0.002,63367.4,0.078,63360.7,0.206,63367.5,0.002,63360.4,0.063,63367.8,0.063,63360.3,0.493,63368.0,0.164,63360.2,0.03,63368.1,0.002,63360.0,0.751,63368.3,0.002,63359.9,0.115,63368.4,0.47,63359.8,0.533,63368.7,0.024,63359.2,0.028,63368.9,0.024
38,2024-05-07 01:10:34.464,63379.850000000006,0.09999999999854481,63379.8,0.308,63379.9,7.849,63378.6,0.022,63380.0,0.16,63378.0,0.018,63380.1,0.04,63377.3,0.006,63380.2,0.288,63376.9,0.002,63380.3,0.55,63376.8,0.109,63380.4,0.002,63376.7,0.146,63380.6,0.553,63376.2,0.002,63380.7,0.197,63376.0,0.164,63380.8,0.169,63375.3,0.05,63380.9,0.855,63375.1,0.002,63381.2,0.063,63374.8,0.123,63382.0,0.162,63374.7,0.121,63382.2,0.063,63374.6,0.111,63383.5,0.01,63374.5,0.002,63383.6,0.218,63374.4,0.11,63383.7,1.036,63374.3,0.253,63383.8,0.787,63374.2,0.063,63383.9,0.025,63374.0,0.164,63384.0,0.164,63373.7,0.026,63384.2,1.5
39,2024-05-07 01:10:35.774,63374.850000000006,0.09999999999854481,63374.8,3.037,63374.9,2.056,63374.7,0.028,63375.8,0.063,63374.6,0.023,63376.0,0.027,63374.3,0.085,63376.4,0.063,63374.2,0.063,63377.0,0.15,63374.0,0.162,63377.4,0.063,63373.2,0.063,63377.9,0.329,63372.6,0.063,63378.0,0.229,63372.2,0.015,63378.1,0.093,63372.0,0.172,63378.7,0.55,63371.8,0.002,63379.0,0.063,63371.7,0.976,63379.6,0.063,63371.6,0.295,63379.9,0.087,63371.5,2.452,63380.0,0.164,63371.4,0.52,63380.3,0.55,63371.3,0.533,63380.4,0.002,63371.2,0.531,63380.6,0.063,63371.1,1.096,63380.7,0.002,63371.0,0.078,63380.9,0.081,63370.6,0.369,63381.1,0.055
40,2024-05-07 01:10:37.068,63381.95,0.09999999999854481,63381.9,3.988,63382.0,0.622,63381.8,0.05,63382.1,0.014,63381.2,0.078,63382.2,0.063,63381.0,0.002,63382.8,0.063,63380.7,0.819,63383.8,0.551,63380.6,0.063,63384.0,0.004,63380.1,0.953,63384.4,0.063,63380.0,0.162,63384.5,0.002,63379.8,0.943,63384.7,1.421,63379.7,0.253,63385.0,0.003,63379.6,0.063,63385.3,0.002,63379.5,0.005,63385.4,0.063,63379.4,0.626,63385.6,0.002,63379.0,0.063,63385.8,0.002,63378.6,0.25,63386.0,0.227,63378.5,0.11,63386.3,0.004,63378.1,0.253,63386.4,0.002,63378.0,0.237,63386.5,0.004,63377.9,0.15,63387.1,0.002,63377.8,0.004,63387.3,0.104
41,2024-05-07 01:10:38.382,63381.95,0.09999999999854481,63381.9,6.071,63382.0,0.197,63381.8,0.05,63382.1,0.014,63381.2,0.331,63383.8,0.016,63381.0,0.002,63384.0,0.004,63380.8,0.4,63384.5,0.002,63380.7,0.819,63384.6,0.276,63380.6,0.063,63384.7,1.443,63380.0,0.162,63384.8,0.002,63379.8,0.943,63385.0,0.003,63379.7,0.253,63385.3,0.002,63379.6,0.063,63385.4,0.063,63379.5,0.005,63385.6,0.002,63379.4,0.626,63385.8,0.002,63379.0,0.063,63386.0,0.067,63378.8,0.002,63386.3,0.004,63378.7,0.635,63386.4,0.002,63378.6,0.25,63386.5,0.004,63378.5,0.11,63387.0,0.063,63378.1,0.253,63387.1,0.002,63378.0,0.237,63387.3,0.104
42,2024-05-07 01:10:39.677,63394.05,0.09999999999854481,63394.0,0.701,63394.1,5.393,63393.7,0.507,63394.5,0.006,63393.6,0.25,63394.7,0.002,63393.4,0.509,63395.0,0.063,63392.8,0.11,63395.5,0.199,63392.0,0.162,63395.6,0.063,63391.0,0.007,63395.9,0.003,63390.8,0.063,63396.0,0.164,63390.6,0.094,63396.1,0.265,63390.5,0.002,63396.3,0.01,63390.3,0.038,63396.6,0.063,63390.2,0.063,63396.7,0.002,63390.0,0.172,63396.8,0.022,63389.9,0.15,63396.9,0.002,63389.8,0.406,63397.3,0.156,63389.6,0.014,63397.4,0.002,63389.5,0.119,63397.5,0.032,63389.2,0.063,63397.7,0.002,63388.8,0.002,63398.0,0.196,63388.6,0.063,63398.1,0.002
43,2024-05-07 01:10:41.022,63389.05,0.09999999999854481,63389.0,0.155,63389.1,6.412,63388.8,0.279,63389.2,0.063,63388.7,1.0,63389.9,1.399,63388.5,0.112,63390.0,1.202,63388.3,0.005,63390.1,0.651,63388.2,0.029,63390.2,0.063,63388.0,0.002,63390.6,0.15,63387.4,0.002,63390.8,0.063,63387.0,0.15,63392.0,0.162,63386.3,0.002,63392.8,0.707,63386.0,0.004,63392.9,0.505,63385.7,0.016,63393.4,0.065,63385.6,0.119,63393.7,0.3,63385.5,0.888,63394.0,0.225,63384.6,0.002,63394.1,0.616,63384.0,0.176,63394.7,0.002,63383.8,0.189,63394.9,0.002,63383.7,0.253,63395.0,0.085,63383.6,0.009,63395.1,2.06,63383.3,0.002,63395.5,0.078
44,2024-05-07 01:10:42.331,63389.05,0.09999999999854481,63389.0,0.079,63389.1,2.254,63388.8,0.279,63389.2,0.063,63388.7,1.0,63389.8,0.655,63388.5,0.028,63389.9,0.556,63388.3,0.005,63390.0,0.712,63388.0,0.002,63390.1,0.55,63387.4,0.002,63390.2,0.063,63386.3,0.002,63390.6,0.15,63386.2,0.002,63390.8,0.063,63386.0,0.227,63391.8,0.063,63385.7,0.016,63392.0,0.162,63385.6,0.119,63392.4,0.063,63385.5,0.888,63392.9,0.16,63385.4,0.063,63393.4,0.065,63384.6,0.002,63393.7,0.642,63384.4,0.173,63393.8,1.968,63384.0,0.176,63394.0,0.227,63383.8,0.276,63394.1,0.197,63383.7,0.253,63394.7,0.002,63383.6,0.009,63394.9,0.002
45,2024-05-07 01:10:43.644,63390.149999999994,0.09999999999854481,63390.1,9.613,63390.2,0.061,63390.0,0.65,63390.8,0.063,63389.9,0.502,63391.7,0.026,63389.2,0.065,63391.8,0.063,63389.1,0.614,63392.0,0.002,63389.0,0.203,63392.4,0.063,63388.7,1.253,63392.8,0.075,63388.6,0.063,63392.9,0.154,63388.5,0.066,63393.4,0.063,63388.4,0.11,63394.0,0.067,63388.3,0.005,63394.1,0.116,63388.0,0.162,63394.7,0.002,63387.6,0.063,63394.9,0.002,63387.4,0.002,63395.0,0.085,63387.2,0.002,63395.5,0.078,63387.0,0.063,63395.6,0.063,63386.9,0.009,63395.9,0.003,63386.7,0.253,63396.0,0.166,63386.3,0.002,63396.1,0.003,63386.2,0.002,63396.3,0.01
46,2024-05-07 01:10:44.945,63391.75,0.10000000000582077,63391.7,3.352,63391.8,2.343,63390.8,0.64,63392.0,0.16,63390.7,0.237,63392.4,0.063,63390.3,0.175,63392.9,0.004,63390.2,0.063,63393.4,0.063,63390.0,0.162,63393.9,0.135,63389.9,0.383,63394.0,0.227,63389.2,0.063,63394.1,0.121,63389.1,0.604,63394.7,0.002,63389.0,0.219,63394.9,0.002,63388.9,0.007,63395.0,0.085,63388.8,0.343,63395.5,0.078,63388.7,1.253,63395.6,0.063,63388.6,0.063,63395.9,0.003,63388.5,0.028,63396.0,0.166,63388.4,0.11,63396.1,0.003,63388.3,0.005,63396.2,0.029,63388.0,0.162,63396.3,0.01,63387.6,0.063,63396.6,0.104,63387.5,0.111,63396.7,0.002
47,2024-05-07 01:10:46.264,63391.75,0.10000000000582077,63391.7,2.549,63391.8,2.598,63390.8,0.703,63392.0,0.16,63390.7,0.237,63392.4,0.063,63390.3,0.175,63392.9,0.004,63390.2,0.063,63393.4,0.063,63390.0,0.162,63393.9,0.135,63389.9,0.383,63394.0,0.227,63389.3,0.302,63394.1,0.116,63389.2,0.063,63394.7,0.002,63389.1,0.604,63394.9,0.002,63389.0,0.219,63395.0,0.085,63388.9,0.003,63395.5,0.078,63388.8,0.343,63395.6,0.063,63388.7,1.253,63395.9,0.003,63388.6,0.063,63396.0,0.166,63388.5,0.028,63396.1,0.003,63388.4,0.11,63396.2,0.029,63388.3,0.005,63396.3,0.01,63388.0,0.162,63396.6,0.104,63387.6,0.063,63396.7,0.002
48,2024-05-07 01:10:47.575,63391.75,0.10000000000582077,63391.7,2.569,63391.8,3.585,63390.8,0.703,63392.0,0.16,63390.7,0.212,63392.4,0.063,63390.3,0.175,63392.9,0.004,63390.2,0.063,63393.4,0.063,63390.0,0.162,63393.9,0.135,63389.9,0.383,63394.0,0.227,63389.3,0.062,63394.1,0.116,63389.2,0.063,63394.7,0.002,63389.1,0.604,63394.9,0.002,63389.0,0.219,63395.0,0.085,63388.9,0.003,63395.5,0.078,63388.8,0.343,63395.6,0.063,63388.7,1.253,63395.9,0.003,63388.6,0.063,63396.0,0.166,63388.5,0.028,63396.1,0.003,63388.4,0.11,63396.2,0.029,63388.3,0.005,63396.3,0.01,63388.0,0.162,63396.6,0.104,63387.6,0.063,63396.7,0.002
49,2024-05-07 01:10:48.885,63391.75,0.10000000000582077,63391.7,2.68,63391.8,2.766,63390.8,0.213,63392.4,0.063,63390.7,0.2,63392.9,0.004,63390.3,0.175,63393.4,0.063,63390.2,0.063,63393.9,0.135,63390.0,0.162,63394.0,0.227,63389.9,0.383,63394.1,0.116,63389.3,0.093,63394.7,0.002,63389.2,0.063,63394.9,0.002,63389.1,0.604,63395.0,0.085,63389.0,0.197,63395.5,0.078,63388.8,0.341,63395.6,0.063,63388.7,1.0,63395.9,0.003,63388.6,0.063,63396.0,0.166,63388.5,0.055,63396.1,0.003,63388.4,0.11,63396.2,0.029,63388.3,0.005,63396.3,0.01,63388.0,0.162,63396.6,0.104,63387.6,0.063,63396.7,0.002,63387.5,0.111,63396.8,0.022
50,2024-05-07 01:10:50.191,63391.75,0.10000000000582077,63391.7,3.422,63391.8,2.769,63390.8,0.275,63392.4,0.063,63390.7,0.2,63392.9,0.004,63390.3,0.175,63393.4,0.063,63390.2,0.063,63393.9,0.135,63390.0,0.162,63394.0,0.227,63389.9,0.383,63394.1,0.11,63389.3,0.079,63394.7,0.002,63389.2,0.063,63394.9,0.002,63389.1,0.604,63395.0,0.085,63389.0,0.197,63395.5,0.078,63388.8,0.343,63395.6,0.063,63388.7,1.0,63395.9,0.003,63388.6,0.063,63396.0,0.166,63388.5,0.055,63396.1,0.003,63388.4,0.11,63396.2,0.029,63388.3,0.005,63396.3,0.01,63388.0,0.162,63396.6,0.104,63387.6,0.063,63396.7,0.002,63387.5,0.111,63396.8,0.022
51,2024-05-07 01:10:51.498,63391.75,0.10000000000582077,63391.7,3.491,63391.8,3.344,63390.8,0.275,63392.4,0.063,63390.7,0.2,63393.4,0.063,63390.5,0.18,63393.9,0.135,63390.2,0.063,63394.0,0.227,63390.1,0.278,63394.1,0.057,63390.0,0.162,63394.7,0.002,63389.9,0.383,63394.9,0.002,63389.3,0.079,63395.0,0.085,63389.2,0.063,63395.1,0.146,63389.1,0.604,63395.5,0.078,63389.0,0.197,63395.6,0.063,63388.8,0.343,63395.9,0.003,63388.7,1.0,63396.0,0.166,63388.6,0.063,63396.1,0.003,63388.5,0.051,63396.2,0.029,63388.4,0.11,63396.3,0.01,63388.3,0.005,63396.6,0.104,63388.1,0.253,63396.7,0.002,63388.0,0.164,63396.8,0.022
52,2024-05-07 01:10:52.805,63391.75,0.10000000000582077,63391.7,1.72,63391.8,3.293,63390.8,0.212,63392.0,0.16,63390.7,0.175,63392.4,0.063,63390.5,0.18,63393.4,0.063,63390.2,0.063,63393.9,0.135,63390.1,0.398,63394.0,0.227,63390.0,0.162,63394.1,0.057,63389.9,0.383,63394.7,0.002,63389.3,0.079,63394.9,0.002,63389.2,0.063,63395.0,0.085,63389.1,0.604,63395.1,0.146,63389.0,0.187,63395.5,0.078,63388.8,0.002,63395.6,0.063,63388.7,1.0,63395.9,0.003,63388.6,0.063,63396.0,0.166,63388.5,0.025,63396.1,0.003,63388.4,0.11,63396.2,0.029,63388.3,0.005,63396.3,0.01,63388.1,0.253,63396.6,0.104,63388.0,0.164,63396.7,0.002
53,2024-05-07 01:10:54.136,63385.649999999994,0.09999999999854481,63385.6,1.506,63385.7,3.704,63385.4,0.063,63386.0,0.223,63384.4,0.063,63386.3,0.05,63384.1,0.073,63386.5,0.15,63384.0,0.162,63386.8,0.268,63383.8,0.075,63386.9,0.15,63383.6,0.002,63387.0,0.063,63383.3,0.002,63387.5,0.15,63382.9,0.002,63387.6,0.291,63382.8,0.063,63388.0,0.162,63382.6,0.112,63388.1,0.006,63382.5,0.042,63388.5,0.002,63382.2,0.065,63388.6,0.063,63382.0,0.164,63389.2,0.213,63381.9,0.022,63390.0,0.245,63381.8,0.031,63390.2,0.077,63381.4,0.526,63390.3,0.002,63381.3,0.948,63390.7,0.245,63381.2,0.068,63390.8,0.063,63381.1,0.365,63390.9,0.018
54,2024-05-07 01:10:55.445,63387.55,0.09999999999854481,63387.5,7.489,63387.6,0.306,63387.0,0.063,63388.5,0.002,63386.9,0.073,63388.6,0.063,63386.2,0.154,63389.2,0.063,63386.1,0.099,63390.0,0.004,63386.0,0.225,63390.2,0.063,63385.8,1.653,63390.3,0.002,63385.7,0.969,63390.7,0.179,63385.6,0.657,63390.8,0.063,63385.5,0.01,63391.7,0.006,63385.4,0.063,63391.8,0.32,63385.1,0.005,63391.9,0.006,63384.9,0.263,63392.0,0.164,63384.8,0.025,63392.4,0.063,63384.4,0.211,63393.4,0.065,63384.0,0.174,63393.9,0.141,63383.8,0.075,63394.0,0.227,63383.7,0.418,63394.1,0.057,63383.6,0.529,63394.3,0.002,63383.4,0.965,63394.7,0.026
55,2024-05-07 01:10:56.749,63387.55,0.09999999999854481,63387.5,5.328,63387.6,2.449,63387.0,0.063,63388.5,0.002,63386.9,0.073,63388.6,0.063,63386.2,0.154,63389.2,0.063,63386.1,0.099,63390.0,0.164,63386.0,0.225,63390.2,0.141,63385.8,0.153,63390.3,0.002,63385.6,0.164,63390.7,0.179,63385.5,0.01,63390.8,0.063,63385.4,0.063,63391.7,0.006,63385.1,0.005,63391.8,0.32,63384.9,0.263,63391.9,0.006,63384.8,0.025,63392.0,0.164,63384.4,0.211,63392.4,0.063,63384.0,0.174,63393.4,0.065,63383.8,0.075,63393.7,0.21,63383.6,0.002,63393.8,0.631,63383.3,0.002,63393.9,0.4,63382.9,0.255,63394.0,0.227,63382.8,0.063,63394.1,0.357
56,2024-05-07 01:10:58.059,63387.55,0.09999999999854481,63387.5,5.38,63387.6,1.326,63387.0,0.063,63388.5,0.002,63386.9,0.073,63388.6,0.063,63386.2,0.154,63389.2,0.063,63386.1,0.099,63390.0,0.164,63386.0,0.225,63390.2,0.141,63385.8,0.153,63390.3,0.002,63385.7,0.002,63390.7,0.179,63385.6,0.164,63390.8,0.063,63385.5,0.01,63391.7,0.006,63385.4,0.063,63391.8,0.317,63385.1,0.005,63391.9,0.006,63384.9,0.263,63392.0,0.164,63384.8,0.025,63392.4,0.063,63384.4,0.211,63393.4,0.065,63384.0,0.174,63393.7,0.21,63383.8,0.075,63394.0,0.227,63383.6,0.002,63394.1,0.057,63383.3,0.002,63394.3,0.002,63382.9,0.255,63394.6,0.899
57,2024-05-07 01:10:59.376,63387.55,0.09999999999854481,63387.5,5.227,63387.6,0.876,63387.0,0.063,63388.5,0.002,63386.9,0.079,63390.0,0.164,63386.2,0.154,63390.2,0.141,63386.1,0.099,63390.3,0.002,63386.0,0.225,63390.7,0.179,63385.8,0.153,63390.8,0.063,63385.7,0.002,63391.7,0.006,63385.6,0.164,63391.8,0.26,63385.5,0.01,63391.9,0.006,63385.4,0.063,63392.0,0.164,63385.1,0.019,63392.4,0.063,63384.9,0.263,63393.4,0.065,63384.8,0.025,63393.7,0.21,63384.4,0.237,63394.0,0.227,63384.0,0.174,63394.1,0.057,63383.8,0.075,63394.3,0.002,63383.6,0.002,63394.7,0.42,63383.3,0.002,63394.8,0.112,63382.9,0.255,63394.9,0.024
58,2024-05-07 01:11:00.672,63387.55,0.09999999999854481,63387.5,4.526,63387.6,1.505,63387.0,0.063,63388.5,0.002,63386.9,0.006,63388.6,0.063,63386.2,0.154,63389.2,0.063,63386.1,0.099,63390.0,0.164,63386.0,0.225,63390.2,0.141,63385.8,0.153,63390.3,0.002,63385.7,0.002,63390.7,0.179,63385.6,0.164,63390.8,0.063,63385.5,0.01,63391.7,0.006,63385.4,0.063,63391.8,0.238,63385.1,0.019,63391.9,0.006,63384.9,0.263,63392.0,0.164,63384.8,0.025,63392.4,0.063,63384.4,0.237,63393.4,0.065,63384.0,0.174,63393.7,0.21,63383.8,0.075,63394.0,0.227,63383.6,0.002,63394.1,0.057,63383.3,0.002,63394.3,0.002,63382.9,0.255,63394.7,0.026
59,2024-05-07 01:11:01.981,63404.149999999994,0.09999999999854481,63404.1,8.446,63404.2,0.582,63404.0,0.384,63404.5,0.005,63403.9,0.012,63404.8,0.078,63403.6,0.063,63405.0,0.026,63403.5,0.089,63405.2,0.002,63403.4,1.424,63405.3,0.003,63403.0,0.063,63405.5,0.338,63402.6,0.951,63405.7,0.002,63402.0,0.225,63406.0,0.007,63401.7,0.083,63406.3,0.07,63401.6,0.002,63406.5,0.007,63401.4,0.067,63406.7,0.063,63401.1,0.007,63406.9,0.002,63401.0,0.016,63407.0,0.007,63400.9,1.457,63407.2,0.092,63400.7,0.009,63407.5,0.005,63400.6,0.002,63407.7,0.002,63400.4,0.063,63407.8,0.063,63400.1,2.454,63408.0,0.011,63400.0,2.534,63408.3,0.024
60,2024-05-07 01:11:03.294,63418.95,0.09999999999854481,63418.9,4.486,63419.0,2.726,63418.6,0.11,63419.3,0.04,63418.5,0.005,63419.4,0.007,63418.1,0.445,63419.7,0.003,63418.0,0.225,63420.0,0.078,63417.4,0.063,63420.1,0.006,63417.0,0.046,63420.2,0.33,63416.2,0.046,63420.4,0.08,63416.0,0.162,63420.5,0.005,63415.8,0.004,63420.7,0.002,63415.7,0.002,63420.9,0.003,63415.4,0.111,63421.0,0.011,63415.1,0.15,63421.1,0.002,63414.8,0.524,63421.2,0.066,63414.6,0.002,63421.4,0.004,63414.4,0.009,63421.5,0.017,63414.3,0.004,63421.6,0.077,63414.2,0.109,63421.7,0.005,63414.0,0.179,63421.8,0.002,63413.9,0.079,63422.0,0.171
61,2024-05-07 01:11:04.893,63433.95,0.09999999999854481,63433.9,2.132,63434.0,2.292,63433.6,0.11,63434.1,0.012,63433.2,0.15,63434.2,0.01,63432.1,0.111,63434.3,0.198,63432.0,0.162,63434.5,0.007,63431.8,0.063,63434.6,0.144,63430.8,0.063,63434.7,0.004,63430.5,0.002,63434.9,0.023,63430.4,0.002,63435.0,0.482,63430.2,0.063,63435.5,0.017,63430.0,0.164,63435.6,0.083,63429.9,0.253,63435.7,0.057,63429.2,0.063,63436.0,0.185,63429.1,0.013,63436.2,0.019,63429.0,0.099,63436.3,0.002,63428.8,0.004,63436.5,0.015,63428.7,0.007,63436.6,0.057,63428.6,0.063,63436.9,0.394,63428.4,0.002,63437.0,0.009,63428.1,1.565,63437.2,0.065
62,2024-05-07 01:11:06.211,63429.850000000006,0.09999999999854481,63429.8,0.41,63429.9,7.863,63429.3,0.05,63430.0,0.181,63428.8,0.004,63430.1,0.018,63428.7,0.002,63430.2,0.063,63428.0,0.004,63430.5,0.135,63427.9,0.561,63430.6,0.87,63427.8,0.004,63431.0,0.005,63427.2,0.005,63431.5,0.005,63427.0,0.002,63431.8,0.063,63426.9,0.15,63432.0,0.181,63426.8,0.15,63432.1,0.252,63426.5,0.111,63432.3,0.116,63426.1,0.014,63432.4,0.26,63426.0,0.278,63432.5,0.005,63425.8,0.009,63433.0,0.005,63425.7,0.01,63433.3,0.01,63425.4,0.002,63433.4,0.063,63424.4,0.063,63433.5,0.05,63424.3,0.022,63433.6,0.007,63424.0,0.164,63434.0,0.753
63,2024-05-07 01:11:07.523,63422.55,0.09999999999854481,63422.5,1.914,63422.6,2.534,63422.2,0.063,63423.0,0.15,63422.0,0.162,63423.4,0.1,63421.7,0.025,63423.9,0.152,63421.2,0.063,63424.0,0.162,63420.6,0.063,63424.4,0.167,63420.0,0.181,63424.6,0.25,63419.9,0.002,63425.4,0.063,63419.8,0.002,63425.8,0.14,63419.6,0.063,63426.0,0.167,63419.0,0.063,63426.5,0.005,63418.9,0.007,63427.0,0.068,63418.6,0.538,63427.1,0.153,63418.5,0.4,63427.4,0.017,63418.3,0.002,63427.5,0.005,63418.1,0.012,63427.6,0.002,63418.0,0.227,63427.7,0.078,63417.4,0.063,63427.9,0.081,63417.2,0.25,63428.0,0.167,63416.8,0.363,63428.3,0.002
64,2024-05-07 01:11:08.862,63417.25,0.10000000000582077,63417.2,1.883,63417.3,10.325,63416.8,0.11,63417.4,0.063,63416.7,0.002,63418.0,0.652,63416.4,0.063,63419.0,0.063,63416.0,0.162,63420.0,0.164,63415.8,0.067,63420.6,0.075,63415.2,0.031,63420.7,0.817,63414.8,0.063,63421.0,0.078,63414.6,0.002,63421.6,0.002,63414.2,0.063,63421.9,0.002,63414.0,0.179,63422.0,0.164,63413.7,0.253,63422.1,0.25,63413.6,0.002,63422.2,0.063,63413.3,0.982,63422.6,0.175,63413.2,0.065,63422.9,0.01,63413.0,0.476,63423.0,0.15,63412.9,0.002,63423.7,0.078,63412.6,0.091,63423.8,0.063,63412.5,0.787,63423.9,0.179,63412.3,0.407,63424.0,0.164
65,2024-05-07 01:11:10.476,63408.05,0.09999999999854481,63408.0,1.092,63408.1,3.869,63407.9,0.11,63409.4,0.063,63407.8,0.063,63409.5,0.002,63407.4,0.161,63410.0,0.162,63406.8,0.063,63411.0,0.063,63406.7,0.024,63411.3,0.55,63406.2,0.063,63411.6,0.002,63406.0,0.195,63411.9,0.341,63405.4,0.01,63412.0,0.162,63405.1,0.981,63412.1,0.15,63405.0,0.787,63412.4,0.238,63404.9,0.004,63412.6,0.063,63404.5,0.399,63412.8,0.017,63404.3,0.002,63413.1,0.04,63404.2,0.026,63413.3,0.002,63404.1,0.847,63413.4,0.088,63404.0,0.164,63413.8,0.002,63403.8,0.253,63414.0,0.302,63403.7,0.888,63414.2,0.063,63403.6,0.951,63415.6,0.08
66,2024-05-07 01:11:11.779,63400.55,0.09999999999854481,63400.5,0.489,63400.6,2.908,63400.0,0.006,63401.7,0.017,63399.9,0.002,63402.0,4.08,63399.6,0.002,63402.1,2.209,63399.1,0.041,63403.0,0.063,63399.0,0.002,63403.4,0.7,63398.9,0.002,63404.0,0.16,63398.6,0.005,63404.1,0.98,63398.4,0.002,63404.2,1.464,63398.2,0.408,63404.3,0.92,63398.1,0.002,63404.4,0.55,63398.0,0.164,63404.6,0.063,63397.8,0.071,63405.0,0.225,63397.5,0.785,63406.0,0.164,63397.2,0.002,63406.1,0.169,63396.8,0.002,63406.2,0.063,63396.7,0.002,63406.3,0.338,63396.5,0.6,63407.5,0.01,63396.4,0.005,63407.6,0.004,63396.0,0.019,63407.7,0.002
67,2024-05-07 01:11:13.091,63401.149999999994,0.09999999999854481,63401.1,0.084,63401.2,4.926,63400.0,0.004,63401.4,0.063,63399.9,0.002,63401.7,0.4,63399.6,0.002,63402.0,0.681,63399.1,0.041,63402.1,1.04,63399.0,0.002,63402.4,0.45,63398.8,0.063,63403.0,0.063,63398.6,0.002,63403.7,0.052,63398.2,0.09,63403.9,0.01,63398.0,0.164,63404.0,0.278,63397.2,0.065,63404.2,0.566,63396.8,0.002,63404.4,0.004,63396.7,0.976,63404.5,0.008,63396.6,0.063,63404.6,0.063,63396.5,0.971,63404.7,0.002,63396.4,0.005,63404.9,0.008,63396.3,0.966,63405.0,0.078,63396.2,0.984,63405.2,0.009,63396.1,0.367,63405.6,0.253,63396.0,0.274,63406.0,1.664
68,2024-05-07 01:11:14.417,63391.350000000006,0.09999999999854481,63391.3,1.714,63391.4,2.399,63391.2,1.686,63391.5,6.558,63391.1,1.684,63391.6,2.499,63391.0,1.683,63391.7,0.576,63390.9,1.682,63391.8,3.997,63390.8,1.683,63391.9,3.329,63390.7,1.68,63392.0,0.778,63390.6,1.689,63392.1,0.552,63390.5,1.681,63392.2,0.49,63390.4,0.004,63392.3,0.98,63390.2,1.68,63392.6,0.359,63390.1,1.688,63393.2,0.253,63390.0,1.693,63393.4,0.105,63389.9,1.687,63393.6,0.079,63389.8,1.69,63393.9,0.341,63389.6,0.018,63394.0,0.18,63389.4,1.68,63394.2,0.01,63389.3,1.71,63394.3,0.158,63389.2,0.002,63394.4,0.042,63389.1,1.685,63394.6,1.5
69,2024-05-07 01:11:15.731,63390.850000000006,0.09999999999854481,63390.8,2.179,63390.9,4.208,63390.7,1.68,63391.0,0.01,63390.6,1.689,63391.2,0.063,63390.5,1.681,63391.3,0.89,63390.4,0.008,63391.4,0.89,63390.2,1.68,63391.5,0.49,63390.1,1.688,63391.8,0.49,63390.0,1.756,63392.0,0.162,63389.9,1.687,63392.4,0.07,63389.8,1.688,63392.7,0.14,63389.6,0.018,63393.6,0.063,63389.4,1.68,63393.7,0.046,63389.3,1.688,63394.0,0.187,63389.2,0.065,63394.1,0.049,63389.1,1.685,63394.4,0.236,63389.0,1.684,63394.8,0.163,63388.8,0.063,63394.9,0.084,63388.7,1.683,63395.0,0.065,63388.6,1.691,63395.3,0.046,63388.5,1.684,63395.9,0.476
70,2024-05-07 01:11:17.030,63390.75,0.10000000000582077,63390.7,1.367,63390.8,7.156,63390.6,1.689,63390.9,0.398,63390.5,1.681,63391.2,0.063,63390.4,0.008,63391.3,0.89,63390.2,1.68,63391.4,0.49,63390.1,1.688,63391.5,0.49,63390.0,1.693,63392.0,0.162,63389.9,1.687,63392.2,0.144,63389.8,1.688,63392.4,0.07,63389.6,0.018,63392.7,0.14,63389.4,1.68,63393.1,1.5,63389.3,1.688,63393.6,0.063,63389.2,0.002,63394.0,0.187,63389.1,1.685,63394.1,0.049,63389.0,1.684,63394.4,0.236,63388.7,1.683,63394.8,0.143,63388.6,1.691,63394.9,0.003,63388.5,1.684,63395.0,0.002,63388.4,3.361,63395.3,0.046,63388.3,1.684,63395.9,0.476
71,2024-05-07 01:11:18.341,63390.75,0.10000000000582077,63390.7,1.391,63390.8,6.416,63390.6,1.689,63390.9,0.317,63390.5,1.681,63391.2,0.063,63390.4,0.002,63391.3,0.89,63390.2,1.68,63391.4,0.49,63390.1,1.688,63391.5,0.49,63390.0,1.693,63392.0,0.162,63389.9,1.687,63392.2,0.144,63389.8,1.688,63392.4,0.07,63389.6,0.018,63392.7,0.14,63389.4,1.68,63393.6,0.063,63389.3,1.686,63394.0,0.187,63389.2,0.004,63394.1,0.069,63389.1,1.685,63394.4,1.736,63389.0,1.684,63394.8,0.143,63388.7,1.683,63394.9,0.003,63388.6,1.691,63395.0,0.002,63388.5,1.684,63395.9,0.476,63388.4,3.361,63396.0,0.225,63388.3,1.684,63396.6,0.004
72,2024-05-07 01:11:19.648,63390.649999999994,0.09999999999854481,63390.6,1.893,63390.7,4.434,63390.5,1.681,63390.8,1.218,63390.4,0.002,63390.9,0.24,63390.2,1.68,63391.2,0.063,63390.1,1.688,63391.3,0.89,63390.0,1.691,63391.4,0.49,63389.9,1.687,63391.5,0.49,63389.8,1.688,63392.0,0.162,63389.6,0.018,63392.4,0.07,63389.4,1.68,63392.7,0.14,63389.3,1.686,63393.6,0.063,63389.2,0.002,63394.0,0.187,63389.1,1.685,63394.1,0.049,63389.0,1.686,63394.4,0.236,63388.7,1.683,63394.8,0.143,63388.6,1.689,63394.9,0.003,63388.5,1.684,63395.0,0.002,63388.4,3.361,63395.4,1.5,63388.3,1.684,63395.9,0.476,63388.1,0.002,63396.0,0.225
73,2024-05-07 01:11:20.961,63390.649999999994,0.09999999999854481,63390.6,1.309,63390.7,4.888,63390.5,1.681,63390.8,1.216,63390.4,0.002,63390.9,0.24,63390.2,1.68,63391.2,0.063,63390.1,1.688,63391.3,0.89,63390.0,1.691,63391.4,0.49,63389.9,1.687,63391.5,0.49,63389.8,1.688,63392.0,0.162,63389.6,0.018,63392.4,0.07,63389.4,1.68,63392.7,0.14,63389.3,1.686,63393.6,0.063,63389.2,0.065,63394.0,0.187,63389.1,1.685,63394.1,0.049,63389.0,1.684,63394.4,0.236,63388.9,0.002,63394.8,0.143,63388.8,0.063,63394.9,0.003,63388.7,1.683,63395.0,0.002,63388.6,1.687,63395.4,1.5,63388.5,1.684,63395.9,0.476,63388.4,3.363,63396.0,0.225
74,2024-05-07 01:11:22.262,63390.649999999994,0.09999999999854481,63390.6,0.039,63390.7,5.382,63390.5,1.681,63390.8,1.066,63390.4,0.002,63390.9,0.24,63390.2,1.68,63391.2,0.063,63390.1,1.688,63391.3,0.89,63390.0,1.691,63391.4,0.49,63389.9,1.687,63391.5,0.49,63389.8,1.688,63392.0,0.162,63389.6,0.018,63392.4,0.07,63389.4,1.68,63392.7,0.14,63389.3,1.686,63392.8,1.5,63389.2,0.002,63393.6,0.063,63389.1,1.685,63394.0,0.187,63389.0,1.684,63394.1,0.049,63388.9,0.002,63394.4,0.245,63388.7,1.683,63394.5,0.046,63388.6,1.687,63394.7,0.016,63388.5,1.684,63394.8,0.143,63388.4,3.363,63394.9,0.009,63388.3,1.682,63395.0,0.002
75,2024-05-07 01:11:23.576,63390.55,0.09999999999854481,63390.5,1.285,63390.6,11.62,63390.4,0.062,63390.7,0.165,63390.2,1.68,63390.8,1.043,63390.1,1.688,63390.9,0.24,63390.0,1.691,63391.2,0.063,63389.9,1.687,63391.3,0.49,63389.8,1.688,63391.4,0.49,63389.6,0.018,63391.5,0.49,63389.4,1.68,63392.0,0.162,63389.3,1.686,63392.4,0.07,63389.2,0.002,63392.7,0.14,63389.1,1.685,63393.2,0.006,63389.0,1.684,63393.6,0.063,63388.7,1.683,63394.0,0.187,63388.6,1.689,63394.1,0.049,63388.5,1.684,63394.4,0.245,63388.4,3.363,63394.5,0.046,63388.3,1.682,63394.7,0.016,63388.1,0.002,63394.8,0.145,63388.0,1.695,63394.9,0.009
76,2024-05-07 01:11:24.865,63390.55,0.09999999999854481,63390.5,1.283,63390.6,10.693,63390.4,0.062,63390.7,0.158,63390.2,1.68,63390.8,1.043,63390.1,1.688,63390.9,0.24,63390.0,1.703,63391.2,0.063,63389.9,1.687,63391.3,0.49,63389.8,1.688,63391.4,0.49,63389.6,0.018,63391.5,0.49,63389.4,1.68,63392.0,0.162,63389.3,1.686,63392.4,0.07,63389.2,0.002,63392.7,0.14,63389.1,1.685,63393.2,0.006,63389.0,1.684,63393.6,0.063,63388.7,1.683,63394.0,0.187,63388.6,1.689,63394.1,0.049,63388.5,1.684,63394.4,0.245,63388.4,3.363,63394.7,0.016,63388.3,1.682,63394.8,0.145,63388.1,0.002,63394.9,0.009,63388.0,1.695,63395.0,0.002
77,2024-05-07 01:11:26.177,63390.55,0.09999999999854481,63390.5,0.832,63390.6,10.023,63390.4,0.062,63390.7,0.648,63390.2,1.68,63390.8,1.04,63390.1,1.688,63390.9,0.73,63390.0,1.703,63391.0,0.49,63389.9,1.687,63391.1,0.553,63389.8,1.688,63391.2,0.553,63389.6,0.018,63391.3,0.49,63389.4,1.68,63391.4,0.49,63389.3,1.686,63391.5,0.49,63389.2,0.002,63392.0,0.162,63389.1,1.685,63392.4,0.07,63389.0,1.684,63392.7,0.14,63388.7,1.683,63393.2,0.006,63388.6,1.689,63393.6,0.063,63388.5,1.684,63394.0,0.189,63388.4,3.363,63394.1,0.049,63388.3,1.682,63394.4,0.236,63388.1,0.002,63394.7,0.016,63388.0,1.695,63394.8,0.145
78,2024-05-07 01:11:27.482,63390.55,0.09999999999854481,63390.5,1.278,63390.6,11.209,63390.4,0.955,63390.7,0.648,63390.2,1.68,63390.8,1.04,63390.1,1.688,63390.9,0.73,63390.0,1.703,63391.0,0.49,63389.9,1.687,63391.1,0.553,63389.8,1.688,63391.2,0.49,63389.6,0.018,63391.3,0.49,63389.5,0.063,63391.4,0.49,63389.4,1.68,63391.5,0.492,63389.3,1.686,63392.0,0.162,63389.2,0.065,63392.4,0.007,63389.1,1.685,63392.7,0.14,63389.0,1.684,63393.2,0.006,63388.9,0.002,63393.6,0.063,63388.7,1.683,63393.8,0.017,63388.6,1.687,63394.0,0.189,63388.5,1.684,63394.1,0.049,63388.4,3.363,63394.4,0.236,63388.3,1.682,63394.7,0.016
79,2024-05-07 01:11:28.786,63390.55,0.09999999999854481,63390.5,3.817,63390.6,3.221,63390.4,0.955,63390.7,0.638,63390.3,0.063,63390.8,0.919,63390.2,1.68,63390.9,0.63,63390.1,1.688,63391.0,0.49,63390.0,1.866,63391.1,0.553,63389.9,1.687,63391.2,0.49,63389.8,1.688,63391.3,0.49,63389.6,0.018,63391.4,0.49,63389.5,0.063,63391.5,0.49,63389.4,1.68,63391.9,0.063,63389.3,1.686,63392.0,0.162,63389.2,0.067,63392.4,0.007,63389.1,1.685,63392.7,0.14,63389.0,1.684,63394.0,0.189,63388.7,1.746,63394.1,0.049,63388.6,1.687,63394.4,0.236,63388.5,1.684,63394.8,0.026,63388.4,3.363,63394.9,0.003,63388.3,1.682,63395.0,0.002
80,2024-05-07 01:11:30.105,63390.55,0.09999999999854481,63390.5,4.126,63390.6,3.099,63390.4,1.385,63390.7,0.148,63390.3,0.553,63390.8,0.025,63390.2,2.17,63390.9,0.14,63390.1,3.678,63392.0,0.002,63390.0,2.356,63392.4,0.007,63389.9,2.177,63392.7,0.203,63389.8,2.178,63394.0,0.189,63389.7,0.49,63394.1,0.049,63389.6,0.508,63394.4,0.236,63389.5,2.263,63394.5,0.024,63389.4,1.68,63394.8,0.026,63389.3,1.688,63394.9,0.003,63389.2,0.065,63395.0,0.002,63389.1,1.685,63395.1,0.087,63389.0,1.684,63395.2,0.024,63388.7,1.746,63395.9,0.532,63388.6,1.687,63396.0,0.164,63388.5,1.684,63396.1,0.02,63388.4,3.363,63396.2,1.5
81,2024-05-07 01:11:31.432,63390.55,0.09999999999854481,63390.5,3.975,63390.6,2.936,63390.4,0.955,63390.7,0.228,63390.3,0.063,63390.8,0.025,63390.2,1.68,63390.9,0.14,63390.1,1.688,63391.1,0.063,63390.0,1.866,63392.0,0.002,63389.9,1.687,63392.4,0.007,63389.8,1.688,63392.7,0.203,63389.6,0.018,63393.5,0.063,63389.5,0.063,63394.0,0.189,63389.4,1.68,63394.1,0.029,63389.3,1.939,63394.3,0.063,63389.2,0.065,63394.4,0.236,63389.1,1.685,63394.5,0.024,63389.0,1.686,63394.8,0.026,63388.7,1.746,63394.9,0.003,63388.6,1.687,63395.0,0.002,63388.5,1.684,63395.1,0.087,63388.4,3.363,63395.2,0.024,63388.3,1.682,63395.9,0.532
82,2024-05-07 01:11:32.736,63390.55,0.09999999999854481,63390.5,0.022,63390.6,3.673,63390.4,0.955,63390.7,0.216,63390.2,1.68,63390.8,0.025,63390.1,1.688,63390.9,0.14,63390.0,1.706,63391.1,0.063,63389.9,1.687,63391.9,0.063,63389.8,1.688,63392.0,0.162,63389.6,0.018,63392.4,0.007,63389.4,1.68,63392.7,0.203,63389.3,1.686,63393.3,0.971,63389.2,0.002,63393.4,1.944,63389.1,1.685,63393.5,0.063,63389.0,1.684,63394.0,0.189,63388.7,1.683,63394.1,0.029,63388.6,1.689,63394.3,0.063,63388.5,1.684,63394.4,0.236,63388.4,3.363,63394.5,0.024,63388.3,1.682,63394.8,0.026,63388.1,0.002,63394.9,0.003,63388.0,1.695,63395.0,0.002
83,2024-05-07 01:11:34.046,63390.45,0.09999999999854481,63390.4,0.888,63390.5,4.123,63390.2,1.68,63390.6,2.978,63390.1,1.688,63390.7,0.214,63390.0,1.704,63390.8,0.025,63389.9,1.687,63390.9,0.14,63389.8,1.688,63391.1,0.063,63389.6,0.018,63391.7,0.08,63389.4,1.68,63391.9,0.063,63389.3,1.686,63392.0,0.162,63389.2,0.002,63392.4,0.007,63389.1,1.685,63392.7,0.203,63389.0,1.684,63393.1,1.5,63388.7,1.683,63393.2,0.01,63388.6,1.689,63393.3,0.971,63388.5,1.684,63393.4,0.954,63388.4,3.363,63393.5,0.063,63388.3,1.682,63394.0,0.189,63388.1,0.002,63394.1,0.029,63388.0,1.695,63394.3,0.063,63387.9,1.688,63394.4,0.236
84,2024-05-07 01:11:35.347,63394.75,0.10000000000582077,63394.7,7.548,63394.8,1.396,63394.3,0.063,63394.9,0.001,63394.0,0.63,63395.1,0.21,63393.9,0.4,63395.9,0.476,63393.5,0.209,63396.0,0.162,63393.2,0.253,63396.4,0.234,63392.8,0.046,63396.6,0.034,63392.7,0.129,63396.7,0.063,63392.4,0.063,63398.0,0.164,63392.1,0.718,63398.1,0.026,63392.0,0.178,63398.2,0.032,63391.9,0.063,63398.4,0.002,63391.5,0.573,63398.5,0.007,63391.4,0.654,63399.0,0.002,63391.2,0.822,63399.2,0.236,63391.1,0.063,63399.4,0.029,63390.9,0.014,63399.8,0.002,63390.8,0.063,63400.0,0.244,63390.3,1.209,63400.6,0.024,63390.2,1.68,63400.8,0.072
85,2024-05-07 01:11:36.658,63394.75,0.10000000000582077,63394.7,7.533,63394.8,1.985,63394.3,0.063,63394.9,0.001,63394.0,0.625,63395.1,0.21,63393.9,0.4,63395.9,0.539,63393.5,0.163,63396.0,0.162,63393.2,0.253,63396.4,0.234,63392.7,0.129,63396.6,0.034,63392.4,0.063,63396.7,0.063,63392.1,0.218,63397.5,0.063,63392.0,0.178,63397.7,0.202,63391.9,0.063,63398.0,0.164,63391.5,0.222,63398.1,0.024,63391.4,0.608,63398.2,0.032,63391.2,0.822,63398.3,0.063,63391.1,0.063,63398.4,0.002,63390.9,0.014,63398.5,0.007,63390.8,0.063,63399.0,0.002,63390.3,0.934,63399.1,0.063,63390.2,1.68,63399.2,0.236,63390.1,1.688,63399.4,0.029
86,2024-05-07 01:11:37.957,63394.850000000006,0.09999999999854481,63394.8,14.77,63394.9,0.159,63394.7,0.931,63395.1,0.21,63394.6,0.002,63395.9,0.539,63394.0,0.065,63396.0,0.162,63393.5,0.063,63396.4,0.234,63393.2,0.253,63396.6,0.032,63392.7,0.129,63396.7,0.063,63392.4,0.063,63397.5,0.063,63392.1,0.218,63398.0,0.164,63392.0,0.18,63398.1,0.024,63391.9,0.063,63398.2,0.032,63391.6,0.222,63398.3,0.063,63391.4,0.008,63398.4,0.002,63391.1,0.063,63398.5,0.007,63390.9,0.014,63399.0,0.002,63390.8,0.286,63399.1,0.063,63390.3,0.691,63399.2,0.236,63390.2,1.68,63399.4,0.029,63390.1,1.688,63399.8,0.002,63390.0,2.134,63400.0,0.244
87,2024-05-07 01:11:39.257,63395.850000000006,0.09999999999854481,63395.8,7.759,63395.9,0.373,63395.6,0.063,63396.4,0.234,63395.2,0.012,63396.6,0.032,63395.1,0.063,63398.0,0.004,63395.0,0.991,63398.1,0.024,63394.8,12.928,63398.2,0.032,63394.7,0.264,63398.4,0.002,63394.3,0.063,63398.5,0.007,63394.0,0.235,63399.0,0.002,63393.9,0.002,63399.2,0.236,63393.5,0.063,63399.4,0.029,63393.2,0.253,63399.8,0.002,63392.8,0.002,63400.0,0.244,63392.7,0.129,63400.4,0.14,63392.4,0.063,63400.6,0.024,63392.1,0.218,63400.8,0.096,63392.0,0.178,63401.1,0.03,63391.9,0.063,63402.0,0.268,63391.6,0.222,63402.5,0.002,63391.4,0.089,63402.7,0.064
88,2024-05-07 01:11:40.591,63401.95,0.09999999999854481,63401.9,2.296,63402.0,1.457,63400.8,0.063,63402.6,0.015,63400.7,0.15,63402.9,0.148,63400.4,0.063,63403.1,0.946,63400.0,0.162,63403.2,0.946,63399.9,0.5,63403.4,0.027,63399.1,1.424,63403.6,0.01,63399.0,0.002,63403.7,0.113,63398.2,0.032,63403.9,0.003,63398.0,0.164,63404.0,0.188,63397.2,0.063,63404.1,0.055,63396.7,0.632,63404.3,1.537,63396.6,0.537,63404.4,0.057,63396.5,0.687,63404.5,0.08,63396.4,1.641,63404.6,0.026,63396.3,0.571,63404.7,0.002,63396.2,0.55,63404.8,0.035,63396.0,0.242,63404.9,0.043,63395.7,0.002,63405.0,3.575,63395.6,0.663,63405.1,0.024
89,2024-05-07 01:11:41.942,63396.55,0.09999999999854481,63396.5,2.215,63396.6,1.031,63396.3,0.015,63398.0,0.162,63396.0,0.225,63398.1,0.4,63395.7,0.002,63399.0,0.002,63395.6,0.063,63399.2,0.4,63395.2,0.959,63400.0,1.662,63395.1,0.969,63400.5,0.253,63395.0,1.086,63401.2,0.002,63394.9,0.954,63401.8,0.968,63394.8,11.456,63401.9,0.975,63394.7,0.011,63402.0,0.331,63394.3,0.014,63402.4,0.002,63394.0,0.237,63402.9,0.002,63393.5,0.002,63403.4,0.027,63392.7,0.066,63403.7,0.113,63392.4,0.063,63403.9,0.11,63392.1,0.218,63404.0,0.188,63392.0,0.18,63404.1,0.055,63391.9,0.063,63404.3,0.29,63391.6,0.148,63404.4,0.057
90,2024-05-07 01:11:43.244,63396.55,0.09999999999854481,63396.5,1.325,63396.6,1.99,63396.3,0.015,63398.0,0.162,63396.0,0.065,63398.1,0.4,63395.7,0.002,63399.0,0.002,63395.6,0.063,63399.2,0.4,63394.8,11.527,63399.7,1.5,63394.7,0.009,63400.0,0.162,63394.3,0.014,63401.2,0.022,63394.0,0.227,63402.0,0.331,63393.6,0.063,63402.4,0.002,63393.5,0.002,63402.8,0.898,63392.7,0.066,63402.9,0.978,63392.4,0.126,63403.0,1.028,63392.1,0.218,63403.1,0.086,63392.0,0.18,63403.2,0.08,63391.6,0.148,63403.3,0.032,63391.2,0.331,63403.4,0.295,63390.8,0.52,63403.5,0.63,63390.5,0.32,63403.6,0.296,63390.4,1.024,63403.7,0.113
91,2024-05-07 01:11:44.554,63396.55,0.09999999999854481,63396.5,1.957,63396.6,1.997,63396.2,0.057,63397.1,0.023,63396.0,0.162,63398.0,0.162,63395.7,0.002,63398.1,0.4,63395.6,0.063,63398.5,1.5,63395.3,1.958,63399.0,0.002,63395.2,1.916,63399.2,0.4,63395.1,1.934,63400.0,0.162,63395.0,1.023,63401.1,0.002,63394.8,11.464,63401.2,0.022,63394.7,0.011,63402.0,0.331,63394.3,0.014,63402.4,0.002,63394.0,0.227,63402.8,0.268,63393.6,0.063,63402.9,0.002,63393.5,0.002,63403.0,0.079,63392.7,0.066,63403.1,0.08,63392.4,0.126,63403.2,0.08,63392.1,0.218,63403.3,0.032,63392.0,0.18,63403.4,0.027,63391.6,0.148,63403.5,0.63
92,2024-05-07 01:11:46.173,63396.55,0.09999999999854481,63396.5,0.7,63396.6,2.629,63396.0,0.002,63397.1,0.023,63395.7,0.002,63397.4,1.5,63394.8,11.464,63398.0,0.162,63394.7,0.009,63398.1,0.4,63394.3,0.014,63399.0,0.002,63394.0,0.067,63399.2,0.4,63393.5,0.002,63400.0,0.162,63393.4,0.063,63400.6,0.14,63392.7,0.066,63400.8,0.029,63392.4,0.063,63401.1,0.002,63392.1,0.218,63401.2,0.002,63392.0,0.18,63401.4,0.015,63391.8,0.063,63402.0,0.331,63391.6,0.401,63402.4,0.002,63391.2,0.268,63402.9,0.255,63390.8,0.286,63403.0,0.072,63390.7,0.63,63403.1,0.08,63390.6,0.126,63403.2,0.08,63390.5,0.95,63403.3,0.039
93,2024-05-07 01:11:47.495,63396.55,0.09999999999854481,63396.5,0.912,63396.6,2.559,63396.0,0.002,63397.1,0.023,63395.9,0.057,63397.4,1.5,63395.7,0.002,63398.0,0.162,63395.0,0.063,63398.1,0.4,63394.8,11.464,63399.0,0.002,63394.7,0.009,63399.2,0.4,63394.3,0.014,63400.0,0.162,63394.0,0.067,63400.6,0.14,63393.5,0.002,63400.8,0.029,63393.4,0.063,63401.1,0.002,63392.7,0.066,63401.2,0.002,63392.4,0.063,63401.4,0.015,63392.1,0.218,63402.0,0.331,63392.0,0.18,63402.4,0.002,63391.8,0.063,63402.9,0.255,63391.6,0.401,63403.0,0.072,63391.2,0.268,63403.1,0.08,63390.8,0.286,63403.2,0.08,63390.7,0.63,63403.3,0.039
94,2024-05-07 01:11:48.801,63396.55,0.09999999999854481,63396.5,0.027,63396.6,4.194,63396.0,0.002,63397.1,0.023,63395.8,0.058,63398.0,0.162,63395.7,0.002,63398.1,0.4,63394.8,11.464,63399.0,0.002,63394.7,0.003,63399.2,0.4,63394.3,0.014,63399.8,0.017,63394.0,0.004,63399.9,0.025,63393.5,0.002,63400.0,0.162,63392.0,0.164,63400.6,0.171,63391.8,0.063,63400.8,0.029,63391.6,0.148,63401.1,0.002,63390.8,0.286,63401.2,0.002,63390.7,0.755,63401.4,0.015,63390.5,0.318,63401.9,0.953,63390.4,0.898,63402.0,0.331,63390.3,0.628,63402.4,0.002,63390.2,1.745,63402.8,0.983,63390.1,1.943,63402.9,0.255,63390.0,1.871,63403.0,0.089
95,2024-05-07 01:11:50.117,63380.55,0.09999999999854481,63380.5,0.388,63380.6,6.72,63380.1,0.494,63381.1,6.27,63380.0,0.257,63381.2,0.4,63379.5,0.002,63381.9,0.002,63379.4,0.002,63382.0,0.676,63378.3,0.226,63382.1,0.22,63378.2,0.535,63383.0,0.253,63378.0,0.021,63383.1,0.3,63377.8,0.002,63383.2,0.078,63377.7,0.004,63384.0,0.162,63376.8,0.007,63384.5,0.4,63376.5,0.004,63384.6,0.278,63376.4,0.002,63385.1,0.157,63376.0,0.006,63385.6,0.018,63375.8,0.065,63385.8,0.253,63375.4,0.005,63386.0,0.162,63375.1,0.006,63386.5,0.009,63374.7,0.395,63386.9,0.004,63374.5,0.002,63387.1,0.002,63374.4,0.03,63387.6,0.14
96,2024-05-07 01:11:51.423,63374.25,0.10000000000582077,63374.2,1.671,63374.3,3.192,63373.8,0.018,63374.4,0.012,63373.5,0.014,63375.3,0.002,63372.9,0.093,63375.8,0.772,63372.0,0.031,63375.9,0.4,63371.8,0.002,63376.0,0.162,63371.5,0.002,63376.1,1.578,63371.3,0.002,63376.2,0.002,63370.6,0.163,63377.1,0.146,63370.5,0.048,63377.8,0.026,63370.1,0.002,63377.9,0.002,63370.0,0.189,63378.0,0.164,63369.8,0.002,63378.1,0.017,63369.7,0.4,63378.5,0.14,63369.4,0.224,63379.5,0.012,63369.3,0.002,63379.6,0.253,63369.2,0.01,63379.7,0.006,63369.1,0.024,63380.0,0.162,63368.9,0.441,63380.1,0.218,63368.7,0.005,63380.7,0.112
97,2024-05-07 01:11:52.731,63374.25,0.10000000000582077,63374.2,0.575,63374.3,5.359,63373.8,0.012,63374.4,0.012,63373.5,0.014,63374.9,0.253,63372.0,0.031,63375.3,0.002,63371.8,0.002,63375.8,0.268,63371.5,0.002,63375.9,0.4,63371.3,0.002,63376.0,0.162,63371.0,0.023,63376.1,0.078,63370.6,0.042,63376.2,0.002,63370.5,0.048,63376.5,0.253,63370.1,0.002,63376.8,0.146,63370.0,0.029,63377.3,0.046,63369.8,0.002,63377.5,0.009,63369.4,0.065,63377.8,0.026,63369.3,0.002,63377.9,0.002,63369.2,0.405,63378.0,0.164,63368.9,0.042,63378.1,0.27,63368.7,0.433,63378.5,0.146,63368.6,0.932,63379.5,0.012,63368.4,0.067,63379.6,0.253
98,2024-05-07 01:11:54.034,63367.850000000006,0.09999999999854481,63367.8,0.264,63367.9,7.098,63367.5,0.002,63368.0,0.583,63367.3,0.048,63368.1,0.012,63367.2,0.008,63368.2,0.7,63367.1,0.026,63369.0,1.075,63366.6,0.002,63369.4,0.078,63366.4,0.012,63370.0,0.162,63366.0,0.047,63370.6,0.361,63365.9,0.052,63370.7,0.341,63365.7,0.039,63370.8,0.003,63365.6,0.034,63371.7,0.002,63365.0,0.004,63371.9,0.118,63364.8,0.375,63372.0,0.162,63364.6,0.063,63372.1,0.347,63364.5,0.548,63372.4,0.253,63364.1,0.048,63372.6,0.005,63364.0,0.481,63373.2,0.006,63363.6,0.063,63373.4,0.424,63363.5,0.006,63373.6,0.199,63363.3,0.946,63374.0,0.173
99,2024-05-07 01:11:55.344,63366.05,0.09999999999854481,63366.0,0.298,63366.1,8.068,63365.9,0.052,63366.3,0.045,63365.7,0.039,63366.4,0.317,63365.6,0.034,63366.7,0.4,63364.7,0.002,63367.1,0.009,63364.5,0.252,63367.2,1.49,63364.1,0.048,63367.4,0.32,63364.0,0.319,63367.5,0.002,63363.5,0.006,63368.0,0.162,63363.3,0.05,63369.0,0.304,63363.0,0.095,63369.4,0.078,63362.7,0.002,63370.0,0.164,63362.6,0.039,63370.6,0.009,63362.1,0.216,63370.7,0.481,63362.0,0.227,63370.9,0.046,63361.8,0.002,63371.2,0.002,63361.6,0.379,63371.7,0.048,63361.5,0.912,63371.9,0.118,63361.4,0.675,63372.0,0.162,63361.2,0.002,63372.1,0.341
100,2024-05-07 01:11:56.650,63363.350000000006,0.09999999999854481,63363.3,0.026,63363.4,13.059,63363.0,0.032,63363.6,0.4,63362.7,0.002,63364.0,0.652,63362.6,0.039,63364.1,0.443,63362.0,0.004,63364.2,0.804,63361.5,0.002,63365.0,0.015,63361.4,0.529,63365.8,0.03,63361.2,0.002,63365.9,0.109,63361.0,0.009,63366.0,0.162,63360.7,0.022,63366.1,0.091,63360.4,0.063,63366.4,0.299,63360.1,0.143,63367.0,0.253,63360.0,0.596,63367.2,0.064,63359.9,0.004,63367.3,0.002,63359.8,0.063,63367.4,0.308,63359.5,0.004,63367.5,0.002,63359.4,0.215,63367.6,0.302,63359.3,0.037,63367.7,0.017,63359.2,0.003,63367.9,0.105,63359.0,0.003,63368.0,0.164
101,2024-05-07 01:11:57.949,63361.45,0.09999999999854481,63361.4,0.45,63361.5,11.168,63361.2,0.002,63361.6,0.02,63361.0,0.009,63362.0,0.162,63360.7,0.024,63362.1,0.4,63360.0,0.596,63362.2,0.002,63359.9,0.002,63362.7,0.432,63359.5,0.004,63363.1,0.4,63359.3,0.035,63363.2,0.002,63359.2,0.003,63363.4,0.065,63359.0,0.003,63363.5,0.002,63358.7,0.027,63364.0,0.162,63358.5,0.004,63364.1,0.016,63358.3,0.095,63364.2,0.726,63358.2,0.002,63365.0,0.017,63358.0,0.178,63365.7,0.006,63357.8,0.011,63365.8,0.03,63357.2,0.063,63366.0,0.208,63357.1,0.007,63366.1,0.091,63357.0,0.074,63366.4,0.299,63356.6,0.063,63366.7,0.3
102,2024-05-07 01:11:59.254,63361.45,0.09999999999854481,63361.4,4.508,63361.5,3.768,63361.2,0.209,63362.0,0.002,63361.0,0.179,63362.1,0.4,63360.7,0.425,63362.2,0.002,63360.5,0.639,63362.7,0.091,63360.4,0.063,63363.1,0.4,63360.0,0.756,63363.2,0.002,63359.9,0.002,63363.4,0.023,63359.8,0.063,63363.5,0.19,63359.5,0.004,63364.0,0.162,63359.3,0.035,63364.1,0.013,63359.2,0.003,63364.2,0.385,63359.0,0.003,63364.8,1.5,63358.8,0.063,63365.0,0.017,63358.7,0.027,63365.8,0.03,63358.5,0.184,63366.0,0.162,63358.2,0.665,63366.1,0.049,63358.1,1.16,63367.2,0.015,63358.0,0.178,63367.4,0.002,63357.8,0.009,63367.5,0.002
103,2024-05-07 01:12:00.565,63374.149999999994,0.09999999999854481,63374.1,9.798,63374.2,0.531,63374.0,0.46,63374.3,0.13,63373.9,0.202,63375.0,0.029,63373.2,0.653,63375.1,0.002,63373.1,1.054,63375.3,0.002,63372.6,0.063,63375.7,0.025,63372.2,0.089,63376.0,0.002,63372.0,0.167,63376.2,0.002,63371.9,0.25,63376.4,0.002,63371.8,0.002,63376.7,0.267,63371.6,1.074,63377.6,0.002,63371.3,0.368,63377.7,0.122,63371.0,0.063,63377.8,0.024,63370.8,0.196,63378.0,0.166,63370.7,0.248,63378.3,0.009,63370.6,0.716,63378.7,0.157,63370.1,0.009,63379.0,0.048,63370.0,0.225,63379.5,0.035,63369.9,1.997,63380.0,0.164,63369.8,0.334,63380.6,0.049
104,2024-05-07 01:12:01.879,63376.649999999994,0.09999999999854481,63376.6,3.654,63376.7,2.094,63376.4,0.063,63377.7,0.124,63376.3,0.25,63377.8,0.002,63376.0,0.162,63378.0,0.166,63375.8,0.063,63378.3,0.009,63375.2,0.65,63378.7,0.157,63375.0,0.271,63379.0,0.048,63374.8,0.463,63379.5,0.004,63374.3,0.004,63379.8,0.006,63374.2,0.063,63380.0,0.164,63374.0,0.162,63380.1,0.002,63373.9,0.15,63380.5,0.022,63373.2,0.063,63380.6,0.039,63373.1,0.262,63380.7,0.002,63372.6,0.063,63381.0,0.07,63372.2,0.089,63381.1,0.002,63372.0,0.169,63381.2,0.002,63371.9,0.15,63381.6,0.013,63371.8,0.002,63381.9,0.002,63371.6,0.213,63382.0,0.188
105,2024-05-07 01:12:03.190,63382.149999999994,0.09999999999854481,63382.1,9.249,63382.2,0.235,63382.0,0.16,63382.8,0.004,63381.9,0.974,63383.7,0.039,63381.8,0.987,63384.0,0.118,63381.2,1.353,63384.1,0.267,63381.1,0.461,63384.6,0.005,63380.6,0.063,63385.1,0.005,63380.0,0.712,63385.2,0.002,63379.9,1.264,63385.3,0.048,63379.6,0.063,63385.7,0.002,63379.5,0.005,63385.8,0.002,63379.1,0.002,63386.0,0.004,63379.0,1.265,63386.3,0.002,63378.9,0.461,63386.6,0.002,63378.8,0.046,63386.8,0.002,63378.5,0.002,63386.9,0.157,63378.3,0.4,63387.1,0.002,63378.2,0.009,63387.2,0.002,63378.0,1.987,63387.5,0.044,63377.7,0.002,63388.0,0.006
106,2024-05-07 01:12:04.505,63382.149999999994,0.09999999999854481,63382.1,5.603,63382.2,0.549,63382.0,0.16,63382.7,0.997,63381.9,0.602,63382.8,0.002,63381.8,0.64,63383.7,0.039,63381.7,0.006,63384.0,0.002,63381.4,0.253,63384.6,0.002,63381.2,1.252,63385.1,0.002,63380.8,0.006,63385.2,0.021,63380.6,0.063,63385.3,0.048,63380.0,0.712,63385.6,0.002,63379.9,0.803,63385.7,0.002,63379.6,0.063,63385.8,0.002,63379.5,0.005,63386.0,0.004,63379.2,0.362,63386.3,0.002,63379.1,1.502,63386.4,0.022,63379.0,0.477,63386.6,0.002,63378.9,0.023,63386.8,0.002,63378.6,0.002,63386.9,0.039,63378.5,0.002,63387.1,0.002,63378.1,0.017,63387.2,0.145
107,2024-05-07 01:12:05.809,63388.05,0.09999999999854481,63388.0,0.939,63388.1,14.177,63387.6,0.063,63388.5,0.3,63387.2,0.213,63388.6,0.012,63387.1,0.15,63389.4,0.002,63387.0,0.063,63389.5,0.165,63386.8,0.026,63389.6,0.299,63386.6,0.002,63390.0,0.162,63386.0,0.227,63390.3,0.091,63385.9,0.15,63390.4,0.458,63385.7,0.15,63390.8,0.341,63385.5,0.15,63390.9,0.359,63385.4,0.063,63391.1,0.002,63385.2,0.002,63391.9,0.044,63385.0,0.002,63392.0,0.162,63384.9,0.014,63392.2,0.02,63384.5,0.048,63392.5,0.202,63384.4,0.063,63392.6,0.341,63384.0,0.169,63393.3,0.14,63383.9,0.007,63393.4,0.007,63383.8,0.063,63393.7,0.042
108,2024-05-07 01:12:07.115,63382.45,0.09999999999854481,63382.4,0.624,63382.5,7.083,63382.2,0.131,63382.7,0.064,63382.1,0.323,63382.8,0.063,63381.2,0.063,63383.3,0.49,63381.0,0.025,63383.4,0.868,63380.9,0.006,63383.8,0.063,63380.8,0.946,63383.9,0.3,63380.7,0.932,63384.0,0.164,63380.6,0.063,63384.1,0.335,63380.4,0.002,63384.4,0.063,63380.0,0.164,63384.6,0.022,63379.7,0.962,63385.1,0.153,63379.6,1.419,63385.4,0.063,63379.5,1.013,63385.7,0.002,63379.4,0.888,63385.9,0.121,63379.2,0.002,63386.0,0.225,63379.0,0.063,63386.1,0.172,63378.9,0.023,63387.0,0.063,63378.6,0.002,63387.1,0.002,63378.3,0.129,63387.4,0.078
109,2024-05-07 01:12:08.426,63382.45,0.09999999999854481,63382.4,0.733,63382.5,2.248,63382.2,0.131,63382.8,0.063,63382.1,0.323,63383.2,0.104,63382.0,0.16,63383.3,0.49,63381.2,0.063,63383.4,0.64,63381.0,0.946,63383.8,0.063,63380.9,0.968,63384.0,0.164,63380.8,0.94,63384.4,0.063,63380.7,0.686,63384.6,0.022,63380.6,0.063,63385.4,0.063,63380.4,0.002,63385.7,0.002,63380.1,0.959,63385.9,0.08,63380.0,0.164,63386.0,0.225,63379.6,0.063,63386.1,0.021,63379.5,0.06,63386.2,0.143,63379.4,0.888,63387.0,0.063,63379.3,0.002,63387.1,0.002,63379.2,0.002,63387.3,0.022,63379.0,0.063,63387.4,0.078,63378.9,0.023,63387.5,0.002
110,2024-05-07 01:12:09.726,63382.45,0.09999999999854481,63382.4,5.932,63382.5,1.141,63382.2,0.282,63384.0,0.004,63382.1,0.472,63384.4,0.063,63382.0,0.275,63384.6,0.022,63381.3,1.119,63385.4,0.063,63381.2,0.063,63385.7,0.002,63381.1,0.137,63385.9,0.08,63381.0,0.962,63386.0,0.065,63380.9,0.983,63386.1,0.019,63380.8,0.94,63386.2,0.143,63380.6,0.063,63387.0,0.063,63380.4,0.002,63387.1,0.002,63380.3,0.253,63387.3,0.022,63380.1,0.959,63387.4,0.078,63380.0,0.164,63387.5,0.002,63379.6,0.063,63387.6,0.065,63379.5,0.06,63387.7,0.02,63379.4,0.888,63388.0,0.162,63379.3,0.002,63388.5,0.002,63379.2,0.002,63388.6,0.063
111,2024-05-07 01:12:11.034,63382.45,0.09999999999854481,63382.4,6.347,63382.5,1.289,63382.3,0.622,63384.0,0.004,63382.2,0.214,63384.4,0.063,63382.1,0.472,63384.6,0.022,63382.0,0.275,63385.4,0.063,63381.2,0.063,63385.7,0.002,63381.1,0.157,63385.9,0.08,63380.9,0.025,63386.0,0.234,63380.6,0.063,63386.1,0.002,63380.4,0.002,63386.2,0.143,63380.3,0.253,63387.0,0.063,63380.0,0.164,63387.1,0.002,63379.6,0.063,63387.3,0.022,63379.5,0.06,63387.4,0.078,63379.4,0.888,63387.5,0.002,63379.3,0.002,63387.6,0.065,63379.2,0.002,63387.7,0.02,63379.0,0.063,63388.0,0.162,63378.9,0.023,63388.5,0.002,63378.6,0.755,63388.6,0.063
112,2024-05-07 01:12:12.347,63382.45,0.09999999999854481,63382.4,1.522,63382.5,2.328,63382.1,0.323,63382.8,0.063,63382.0,0.16,63383.7,0.061,63381.2,0.696,63383.8,0.063,63380.9,0.025,63384.0,0.164,63380.7,0.744,63384.4,0.063,63380.6,0.063,63384.6,0.022,63380.4,0.002,63385.4,0.063,63380.0,0.164,63385.7,0.002,63379.6,0.063,63386.0,0.234,63379.5,0.066,63386.1,0.002,63379.4,0.888,63386.2,0.143,63379.3,0.002,63386.4,0.14,63379.2,0.002,63386.9,0.092,63379.0,0.063,63387.0,0.063,63378.9,0.023,63387.1,0.002,63378.6,0.002,63387.3,0.022,63378.3,0.129,63387.4,0.078,63378.2,0.003,63387.5,0.002,63378.1,0.014,63387.6,0.065
113,2024-05-07 01:12:13.651,63382.149999999994,0.09999999999854481,63382.1,1.409,63382.2,13.19,63382.0,0.172,63382.3,0.49,63381.2,0.063,63382.4,0.008,63380.6,0.063,63382.5,0.677,63380.1,0.068,63382.8,0.063,63380.0,0.164,63383.8,0.063,63379.6,0.063,63384.0,0.164,63379.5,0.083,63384.4,0.063,63379.3,0.002,63384.6,0.002,63379.0,0.066,63385.4,0.063,63378.8,0.022,63385.7,0.019,63378.6,0.002,63386.0,0.377,63378.3,0.129,63386.1,0.002,63378.2,0.003,63386.4,0.14,63378.1,0.014,63386.9,0.092,63378.0,0.229,63387.0,0.063,63377.7,0.002,63387.1,0.002,63377.5,0.002,63387.3,0.022,63377.4,0.063,63387.4,0.078,63377.2,0.169,63387.5,0.002
114,2024-05-07 01:12:14.961,63382.149999999994,0.09999999999854481,63382.1,2.556,63382.2,7.936,63382.0,0.172,63382.4,0.008,63381.2,0.063,63382.5,0.407,63381.1,0.009,63382.8,0.063,63380.7,0.157,63383.8,0.063,63380.6,0.063,63384.0,0.164,63380.0,0.164,63384.4,0.063,63379.6,0.063,63384.6,0.002,63379.5,0.083,63385.4,0.063,63379.3,0.002,63385.7,0.019,63379.0,0.063,63386.0,0.377,63378.8,0.022,63386.4,0.14,63378.6,0.002,63386.9,0.092,63378.3,0.129,63387.0,0.063,63378.2,0.003,63387.1,0.002,63378.1,0.014,63387.3,0.022,63378.0,0.229,63387.4,0.078,63377.7,0.002,63387.5,0.002,63377.5,0.002,63387.6,0.065,63377.4,0.063,63387.7,0.02
115,2024-05-07 01:12:16.280,63382.149999999994,0.09999999999854481,63382.1,3.592,63382.2,1.206,63382.0,0.172,63382.4,0.008,63381.3,0.737,63382.5,0.028,63381.2,0.387,63383.7,0.053,63381.1,0.316,63384.0,0.004,63380.6,0.063,63384.4,0.063,63380.0,0.164,63384.6,0.002,63379.6,0.063,63385.4,0.063,63379.5,0.083,63385.7,0.019,63379.3,0.002,63386.0,0.217,63379.0,0.063,63386.4,0.14,63378.9,1.176,63386.9,0.092,63378.8,0.022,63387.0,0.063,63378.7,0.526,63387.1,0.002,63378.6,0.539,63387.3,0.022,63378.5,0.476,63387.4,0.078,63378.4,1.248,63387.5,0.002,63378.3,0.662,63387.6,0.065,63378.2,0.949,63387.7,0.02,63378.1,0.963,63388.0,0.168
116,2024-05-07 01:12:17.586,63382.149999999994,0.09999999999854481,63382.1,2.325,63382.2,2.392,63382.0,0.172,63382.4,0.008,63381.3,0.09,63382.5,0.028,63381.2,0.063,63382.8,0.063,63381.1,0.009,63383.7,0.101,63380.6,0.063,63383.8,0.063,63380.0,0.164,63384.0,0.164,63379.6,0.063,63384.4,0.063,63379.5,0.083,63384.6,0.002,63379.3,0.002,63385.4,0.063,63379.0,0.063,63385.7,0.002,63378.8,0.022,63386.0,0.377,63378.6,0.002,63386.4,0.14,63378.5,0.476,63386.9,0.092,63378.3,0.129,63387.0,0.063,63378.2,0.003,63387.1,0.002,63378.1,0.014,63387.3,0.022,63378.0,0.229,63387.4,0.078,63377.7,0.002,63387.5,0.002,63377.5,0.002,63387.6,0.065
117,2024-05-07 01:12:18.900,63382.149999999994,0.09999999999854481,63382.1,0.275,63382.2,9.379,63382.0,0.172,63382.4,0.008,63381.3,0.09,63382.5,0.028,63380.0,0.164,63382.8,0.063,63379.6,0.063,63383.7,0.107,63379.5,0.083,63383.8,0.063,63379.3,0.002,63384.0,0.164,63379.0,0.063,63384.4,0.063,63378.8,0.022,63384.6,0.002,63378.6,0.002,63385.4,0.063,63378.5,0.476,63385.7,0.002,63378.3,0.129,63386.0,0.377,63378.2,0.003,63386.4,0.14,63378.1,0.014,63386.9,0.092,63378.0,0.229,63387.0,0.063,63377.7,0.002,63387.1,0.002,63377.5,0.002,63387.3,0.022,63377.4,0.063,63387.4,0.078,63377.2,0.222,63387.5,0.002,63377.1,0.253,63387.6,0.065
118,2024-05-07 01:12:20.205,63380.05,0.09999999999854481,63380.0,0.735,63380.1,8.219,63379.6,0.063,63380.2,3.529,63379.5,0.083,63380.6,0.57,63379.3,0.034,63380.7,2.722,63379.0,0.063,63380.8,1.819,63378.8,0.022,63381.2,0.767,63378.3,0.129,63382.0,0.747,63378.2,0.003,63382.2,6.064,63378.1,0.014,63382.3,0.006,63378.0,0.229,63382.4,0.008,63377.5,0.002,63382.5,0.028,63377.4,0.063,63382.8,0.063,63377.2,0.195,63383.7,0.064,63376.7,0.185,63383.8,0.063,63376.6,0.032,63383.9,0.002,63376.4,0.065,63384.0,0.166,63376.0,0.273,63384.4,0.063,63375.8,0.063,63384.6,0.002,63375.7,0.253,63384.8,0.002,63375.6,0.11,63385.4,0.08
119,2024-05-07 01:12:21.509,63380.05,0.09999999999854481,63380.0,2.263,63380.1,8.062,63379.6,0.063,63380.2,1.007,63379.5,0.083,63380.6,0.553,63379.3,0.034,63380.7,0.517,63379.0,0.063,63380.8,0.02,63378.8,0.022,63380.9,0.002,63378.3,0.129,63381.2,0.767,63378.2,0.003,63382.0,0.162,63378.1,0.014,63382.1,6.784,63378.0,0.229,63382.2,5.366,63377.5,0.002,63382.3,0.003,63377.4,0.063,63382.4,0.008,63377.2,0.195,63382.5,0.028,63376.7,0.091,63382.8,0.063,63376.6,0.032,63383.7,0.209,63376.4,0.065,63383.8,0.063,63376.0,0.273,63383.9,0.002,63375.8,0.063,63384.0,0.166,63375.7,0.253,63384.4,0.063,63375.6,0.11,63384.6,0.002
120,2024-05-07 01:12:22.836,63380.05,0.09999999999854481,63380.0,0.781,63380.1,4.144,63379.6,0.23,63380.2,0.517,63379.5,0.083,63380.6,0.063,63379.3,0.382,63380.7,0.027,63379.0,0.347,63380.8,0.02,63378.8,0.022,63380.9,0.002,63378.3,0.129,63381.2,0.767,63378.2,0.003,63382.0,0.162,63378.1,0.014,63382.1,4.784,63378.0,0.229,63382.2,5.23,63377.5,0.002,63382.3,1.0,63377.4,0.063,63382.4,0.01,63376.7,0.091,63382.5,0.028,63376.6,0.032,63382.7,0.479,63376.4,0.065,63382.8,0.063,63376.0,0.273,63383.3,1.5,63375.8,0.063,63383.7,0.147,63375.7,0.253,63383.8,0.063,63375.6,0.11,63383.9,0.002,63375.4,0.002,63384.0,0.166
121,2024-05-07 01:12:24.129,63372.95,0.09999999999854481,63372.9,3.116,63373.0,2.283,63372.8,0.41,63373.1,0.012,63372.6,0.241,63374.0,0.002,63372.1,0.33,63374.2,0.172,63372.0,0.293,63374.3,0.15,63371.9,0.01,63374.8,0.063,63371.8,0.002,63375.3,0.146,63371.6,0.063,63375.8,0.063,63371.3,0.002,63376.0,0.002,63371.0,0.063,63376.4,0.063,63370.7,0.053,63376.7,0.378,63370.6,0.002,63376.8,0.306,63370.4,0.055,63377.4,0.063,63370.3,0.053,63377.6,0.002,63370.2,0.055,63378.0,0.229,63370.1,0.934,63378.1,0.017,63370.0,0.164,63378.4,0.02,63369.4,0.526,63378.6,0.154,63369.3,0.529,63378.7,0.02,63369.2,0.888,63379.0,0.063
122,2024-05-07 01:12:25.453,63372.95,0.09999999999854481,63372.9,2.014,63373.0,2.606,63372.8,0.23,63373.2,0.063,63372.6,0.241,63374.0,0.162,63372.3,0.139,63374.2,0.172,63372.1,0.33,63374.3,0.15,63372.0,0.164,63374.8,0.063,63371.9,0.01,63375.3,0.146,63371.8,0.002,63375.8,0.063,63371.6,0.063,63376.0,0.162,63371.3,0.002,63376.4,0.063,63371.0,0.063,63376.5,0.002,63370.9,0.002,63376.7,0.077,63370.6,0.002,63376.8,0.005,63370.3,0.253,63377.4,0.063,63370.2,0.002,63377.6,0.002,63370.1,0.014,63378.0,0.229,63370.0,0.227,63378.2,0.002,63369.4,0.063,63378.4,0.02,63369.3,0.002,63378.6,0.038,63369.2,0.888,63378.7,0.02
123,2024-05-07 01:12:26.746,63372.95,0.09999999999854481,63372.9,3.664,63373.0,1.147,63372.8,0.236,63374.0,0.002,63372.7,0.11,63374.8,0.063,63372.6,0.241,63375.2,0.075,63372.3,0.149,63375.3,0.146,63372.0,0.164,63375.8,0.063,63371.9,0.01,63376.0,0.002,63371.8,0.255,63376.4,0.063,63371.6,0.063,63376.5,0.002,63371.3,0.002,63376.7,0.077,63371.2,0.108,63376.8,0.005,63371.1,1.178,63377.4,0.063,63371.0,0.063,63377.6,0.002,63370.9,0.027,63378.0,0.229,63370.7,0.523,63378.2,0.002,63370.6,0.519,63378.4,0.02,63370.5,0.52,63378.6,0.038,63370.4,1.002,63378.7,0.02,63370.3,0.753,63379.0,0.063,63370.2,0.999,63379.6,0.065
124,2024-05-07 01:12:28.056,63372.95,0.09999999999854481,63372.9,4.149,63373.0,1.11,63372.8,0.236,63374.0,0.002,63372.7,0.11,63375.2,0.075,63372.6,0.241,63375.3,0.146,63372.3,0.145,63375.8,0.063,63372.0,0.164,63376.0,0.002,63371.9,0.01,63376.4,0.063,63371.8,0.255,63376.5,0.002,63371.6,0.063,63376.7,0.077,63371.3,0.002,63376.8,0.005,63371.1,1.178,63377.4,0.063,63371.0,0.063,63377.6,0.002,63370.9,0.027,63378.0,0.229,63370.7,0.523,63378.2,0.002,63370.6,0.519,63378.4,0.02,63370.5,1.52,63378.6,0.038,63370.4,0.948,63378.7,0.02,63370.3,0.253,63379.0,0.063,63370.2,0.944,63379.3,0.004,63370.1,0.977,63379.4,1.025
125,2024-05-07 01:12:29.363,63372.95,0.09999999999854481,63372.9,4.042,63373.0,1.312,63372.8,0.23,63374.0,0.002,63372.7,0.314,63374.2,0.063,63372.6,0.241,63374.8,0.063,63372.3,0.145,63375.2,0.123,63372.0,0.164,63375.3,0.146,63371.9,0.01,63375.8,0.063,63371.8,0.255,63376.0,0.162,63371.6,0.063,63376.4,0.063,63371.3,0.002,63376.5,0.002,63371.1,1.178,63376.7,0.077,63371.0,0.063,63376.8,0.005,63370.9,0.027,63377.4,0.063,63370.7,0.523,63377.6,0.002,63370.6,0.519,63378.0,0.229,63370.5,0.52,63378.2,0.002,63370.4,0.948,63378.4,0.02,63370.3,0.253,63378.6,0.038,63370.2,0.944,63378.7,0.02,63370.1,0.977,63379.0,0.063
126,2024-05-07 01:12:30.666,63372.95,0.09999999999854481,63372.9,4.095,63373.0,1.244,63372.8,0.236,63374.0,0.002,63372.7,0.314,63374.2,0.063,63372.6,0.241,63374.8,0.063,63372.3,0.145,63375.2,0.123,63372.0,0.164,63375.3,0.146,63371.9,0.01,63375.8,0.063,63371.8,0.255,63376.0,0.002,63371.6,0.063,63376.4,0.063,63371.3,0.002,63376.5,0.002,63371.1,1.178,63376.7,0.077,63371.0,0.063,63376.8,0.005,63370.9,0.027,63377.4,0.063,63370.7,0.523,63377.6,0.002,63370.6,0.519,63378.0,0.229,63370.5,0.52,63378.2,0.002,63370.4,0.948,63378.4,0.02,63370.3,0.253,63378.6,0.038,63370.2,0.946,63378.7,0.02,63370.1,0.977,63379.0,0.063
127,2024-05-07 01:12:31.977,63372.95,0.09999999999854481,63372.9,3.656,63373.0,1.58,63372.8,0.23,63373.2,0.063,63372.7,0.314,63374.0,0.002,63372.6,0.241,63374.2,0.063,63372.3,0.139,63374.8,0.063,63372.0,0.164,63375.2,0.123,63371.9,0.01,63375.3,0.146,63371.8,0.255,63375.8,0.063,63371.6,0.063,63376.0,0.162,63371.3,0.002,63376.4,0.063,63371.1,0.338,63376.5,0.002,63371.0,0.063,63376.7,0.077,63370.9,0.027,63376.8,0.005,63370.6,0.002,63377.4,0.063,63370.3,0.253,63377.6,0.002,63370.2,0.002,63378.0,0.229,63370.1,0.014,63378.2,0.002,63370.0,0.227,63378.4,0.02,63369.7,0.017,63378.6,0.038,63369.4,0.063,63378.7,0.02
128,2024-05-07 01:12:33.302,63372.95,0.09999999999854481,63372.9,2.765,63373.0,3.376,63372.8,0.433,63373.2,0.063,63372.7,0.314,63374.0,0.162,63372.6,0.245,63374.2,0.063,63372.3,0.136,63374.8,0.063,63372.0,0.164,63375.2,0.123,63371.9,0.01,63375.3,0.146,63371.8,0.002,63375.8,0.063,63371.6,0.063,63376.0,0.162,63371.3,0.002,63376.4,0.063,63371.0,0.063,63376.5,0.002,63370.9,0.027,63376.7,0.077,63370.6,0.002,63376.8,0.005,63370.2,0.002,63377.4,0.063,63370.1,0.014,63377.6,0.002,63370.0,0.227,63378.0,0.229,63369.7,0.017,63378.2,0.002,63369.4,0.063,63378.4,0.02,63369.3,0.002,63378.6,0.038,63369.2,0.888,63378.7,0.02
129,2024-05-07 01:12:35.601,63372.95,0.09999999999854481,63372.9,3.928,63373.0,1.2,63372.8,0.433,63374.0,0.002,63372.7,0.336,63374.2,0.063,63372.6,0.245,63374.7,0.079,63372.3,0.136,63374.8,0.063,63372.0,0.164,63375.3,0.146,63371.9,0.01,63375.8,0.063,63371.8,0.002,63376.0,0.002,63371.6,0.316,63376.4,0.075,63371.3,0.002,63376.5,0.002,63371.0,0.063,63376.7,0.077,63370.9,0.027,63376.8,0.002,63370.6,0.002,63377.4,0.063,63370.2,0.002,63377.6,0.002,63370.1,0.551,63378.0,0.229,63370.0,0.227,63378.2,0.002,63369.9,0.253,63378.8,0.024,63369.7,0.017,63378.9,0.032,63369.5,0.535,63379.0,0.143,63369.4,0.6,63379.2,0.032
130,2024-05-07 01:12:36.903,63372.95,0.09999999999854481,63372.9,1.9,63373.0,4.146,63372.8,0.58,63373.2,0.063,63372.7,0.336,63374.0,0.162,63372.6,0.241,63374.2,0.063,63372.3,0.136,63374.7,0.143,63372.0,0.164,63374.8,0.063,63371.9,0.01,63375.3,0.146,63371.8,0.002,63375.8,0.063,63371.6,0.063,63376.0,0.162,63371.3,0.002,63376.1,1.5,63371.0,0.063,63376.4,0.063,63370.9,0.002,63376.5,0.002,63370.6,0.002,63376.8,0.002,63370.2,0.002,63377.0,0.082,63370.1,0.014,63377.4,0.063,63370.0,0.227,63377.6,0.002,63369.9,0.316,63378.0,0.229,63369.7,0.017,63378.2,0.002,63369.4,0.063,63378.8,0.024,63369.3,0.002,63378.9,0.032
131,2024-05-07 01:12:38.221,63372.95,0.09999999999854481,63372.9,2.545,63373.0,4.125,63372.8,0.58,63373.2,0.063,63372.7,0.336,63374.0,0.162,63372.6,0.241,63374.2,0.063,63372.3,0.136,63374.7,0.143,63372.0,0.164,63374.8,0.063,63371.9,0.015,63375.3,0.146,63371.8,0.002,63375.8,0.063,63371.6,0.063,63376.0,0.162,63371.3,0.002,63376.4,0.063,63371.0,0.063,63376.5,0.002,63370.9,0.002,63376.8,0.002,63370.6,0.002,63377.0,0.082,63370.2,0.002,63377.1,1.5,63370.1,0.014,63377.4,0.063,63370.0,0.227,63377.6,0.002,63369.9,0.316,63378.0,0.229,63369.8,0.025,63378.2,0.002,63369.6,0.4,63378.8,0.024,63369.4,0.063,63378.9,0.032
132,2024-05-07 01:12:39.532,63372.95,0.09999999999854481,63372.9,3.32,63373.0,2.423,63372.8,0.58,63373.2,0.063,63372.7,0.336,63373.7,0.03,63372.6,0.241,63374.0,0.002,63372.3,0.136,63374.2,0.063,63372.0,0.164,63374.7,0.143,63371.9,0.015,63374.8,0.063,63371.8,0.002,63375.3,0.146,63371.6,0.063,63375.8,0.063,63371.3,0.002,63376.0,0.162,63371.0,0.063,63376.4,0.063,63370.9,0.002,63376.5,0.002,63370.6,0.002,63376.8,0.002,63370.2,0.002,63377.0,0.503,63370.1,0.014,63377.4,0.063,63370.0,0.227,63377.6,0.002,63369.9,0.316,63378.0,0.229,63369.8,0.025,63378.2,1.502,63369.4,0.063,63378.8,0.024,63369.3,0.002,63378.9,0.032
133,2024-05-07 01:12:40.821,63372.95,0.09999999999854481,63372.9,1.5,63373.0,2.718,63372.8,0.378,63373.2,0.063,63372.7,0.357,63373.7,0.03,63372.3,0.137,63374.0,0.162,63372.0,0.252,63374.2,0.063,63371.9,0.015,63374.7,0.143,63371.8,0.002,63374.8,0.063,63371.3,0.002,63375.3,0.146,63370.9,0.002,63375.8,0.063,63370.6,0.002,63376.0,0.162,63370.2,0.002,63376.2,0.146,63370.1,0.014,63376.4,0.063,63370.0,0.164,63376.5,0.002,63369.9,0.063,63376.8,0.002,63369.8,0.025,63376.9,0.94,63369.4,0.063,63377.0,0.503,63369.3,0.002,63377.1,1.5,63369.2,0.888,63377.4,0.063,63368.9,0.007,63377.6,0.002,63368.4,0.271,63377.8,0.253
134,2024-05-07 01:12:42.168,63367.75,0.10000000000582077,63367.7,3.032,63367.8,2.788,63367.5,0.002,63367.9,0.203,63367.2,0.002,63368.1,0.268,63366.8,0.063,63368.4,0.063,63366.4,0.025,63369.4,0.038,63366.2,0.063,63369.8,0.007,63366.1,0.039,63370.0,0.227,63366.0,0.186,63370.1,0.032,63365.8,0.105,63370.3,0.002,63365.6,0.011,63370.6,0.14,63365.5,0.002,63370.9,0.029,63365.2,0.063,63371.3,0.002,63365.0,0.002,63371.5,0.507,63364.7,0.141,63371.6,0.063,63364.6,0.111,63372.0,0.265,63364.0,0.164,63372.2,0.046,63363.8,0.002,63372.4,0.002,63363.7,0.002,63372.6,1.5,63363.6,0.063,63372.8,0.08,63363.5,0.253,63373.0,0.235
135,2024-05-07 01:12:43.481,63372.95,0.09999999999854481,63372.9,8.853,63373.0,0.336,63372.6,0.063,63374.0,0.004,63372.3,0.55,63374.2,0.203,63372.1,1.0,63374.7,0.174,63372.0,0.652,63374.8,0.092,63371.9,0.411,63375.3,0.024,63371.6,0.063,63375.4,0.024,63371.0,0.063,63375.5,0.072,63370.8,0.55,63375.6,0.08,63370.5,0.461,63375.8,0.063,63370.4,0.044,63376.0,0.004,63370.0,0.225,63376.2,0.268,63369.9,0.044,63376.4,0.065,63369.7,0.567,63376.5,0.002,63369.4,0.063,63376.8,0.002,63369.3,1.362,63377.0,0.142,63368.4,0.063,63377.2,0.002,63368.2,0.245,63377.4,0.063,63368.0,0.462,63377.5,0.025,63367.8,1.045,63377.6,0.002
136,2024-05-07 01:12:44.788,63368.05,0.09999999999854481,63368.0,0.427,63368.1,6.187,63367.8,0.437,63368.4,0.063,63367.7,0.214,63369.8,0.345,63367.5,0.004,63370.0,0.225,63367.2,0.002,63370.1,0.468,63366.8,0.063,63371.1,0.26,63366.6,0.017,63371.4,0.078,63366.2,0.063,63371.6,0.065,63366.1,0.039,63372.0,0.162,63366.0,0.186,63372.2,0.002,63365.8,0.105,63373.0,0.789,63365.6,0.011,63373.2,0.063,63365.5,0.002,63373.6,0.046,63365.2,0.063,63373.9,0.044,63365.0,0.002,63374.0,0.164,63364.7,0.078,63374.2,0.203,63364.6,0.111,63374.4,0.004,63364.3,0.005,63374.6,0.018,63364.2,0.025,63374.7,0.134,63364.0,0.166,63374.8,0.092
137,2024-05-07 01:12:46.119,63368.05,0.09999999999854481,63368.0,0.461,63368.1,6.12,63367.8,0.3,63368.4,0.063,63367.7,0.064,63369.9,0.327,63367.5,0.004,63370.0,0.225,63367.2,0.002,63370.1,0.468,63366.9,0.121,63371.1,0.26,63366.6,0.017,63371.4,0.078,63366.1,0.039,63371.6,0.065,63366.0,0.186,63372.0,0.162,63365.8,0.105,63372.2,0.002,63365.6,0.011,63372.9,0.022,63365.5,0.007,63373.0,1.104,63365.2,0.063,63373.2,0.063,63365.0,0.002,63373.6,0.046,63364.6,0.111,63374.0,0.164,63364.3,0.005,63374.2,0.203,63364.2,0.025,63374.4,0.004,63364.0,0.166,63374.6,0.018,63363.8,0.002,63374.7,0.134,63363.7,0.002,63374.8,0.092
138,2024-05-07 01:12:47.423,63365.850000000006,0.09999999999854481,63365.8,3.854,63365.9,0.63,63365.6,0.011,63366.1,0.25,63365.2,0.063,63366.2,0.258,63365.1,0.023,63366.8,0.063,63364.7,0.097,63367.3,0.031,63364.6,0.111,63367.5,0.002,63364.2,0.025,63367.9,0.002,63364.0,0.184,63368.0,0.002,63363.8,0.255,63368.1,0.063,63363.7,0.002,63368.4,0.063,63363.6,0.077,63369.7,0.002,63363.5,0.063,63369.9,0.084,63363.1,0.055,63370.0,0.227,63363.0,0.102,63371.2,0.002,63362.9,0.002,63371.4,0.078,63362.8,0.054,63371.6,0.065,63362.7,0.522,63372.0,0.164,63362.6,0.476,63372.2,0.002,63362.3,0.258,63372.8,0.288,63362.1,0.002,63372.9,0.102
139,2024-05-07 01:12:48.729,63365.850000000006,0.09999999999854481,63365.8,3.452,63365.9,2.416,63365.6,0.011,63366.1,0.25,63365.5,0.094,63366.2,0.103,63365.2,0.316,63366.8,0.063,63365.1,0.023,63367.2,0.096,63364.9,0.226,63367.5,0.002,63364.6,0.111,63367.9,0.002,63364.2,0.025,63368.0,0.162,63364.0,0.184,63368.1,0.063,63363.8,0.255,63368.4,0.063,63363.7,0.002,63369.3,0.004,63363.6,0.077,63369.7,0.002,63363.4,0.002,63370.0,0.227,63363.0,0.102,63371.2,0.002,63362.9,0.002,63371.3,0.062,63362.6,0.476,63371.4,0.078,63362.3,0.258,63371.6,0.065,63362.1,0.002,63372.0,0.164,63362.0,0.227,63372.2,0.007,63361.8,0.002,63372.9,0.022
140,2024-05-07 01:12:50.025,63365.850000000006,0.09999999999854481,63365.8,3.511,63365.9,2.357,63365.6,0.011,63366.2,0.003,63365.5,0.094,63366.8,0.063,63365.2,0.316,63367.2,0.056,63365.1,0.246,63367.5,0.002,63364.9,0.226,63367.9,0.002,63364.6,0.111,63368.0,0.002,63364.2,0.025,63368.1,0.061,63364.0,0.184,63368.4,0.063,63363.8,0.255,63369.3,0.004,63363.7,0.002,63369.7,0.002,63363.6,0.077,63370.0,0.227,63363.4,0.002,63371.2,0.002,63363.0,0.102,63371.3,0.062,63362.9,0.002,63371.4,0.078,63362.6,0.476,63371.6,0.065,63362.3,0.258,63372.0,0.164,63362.1,0.002,63372.2,0.007,63362.0,0.227,63372.9,0.022,63361.8,0.002,63373.0,0.426
141,2024-05-07 01:12:51.345,63365.850000000006,0.09999999999854481,63365.8,6.395,63365.9,1.444,63365.6,0.18,63366.8,0.063,63365.3,0.378,63367.5,0.002,63365.2,0.204,63367.9,0.048,63365.1,0.142,63368.0,0.002,63364.6,0.111,63368.1,0.061,63364.2,0.025,63368.4,0.063,63364.0,0.184,63369.7,0.002,63363.8,0.002,63370.0,0.227,63363.7,0.002,63371.2,0.002,63363.6,0.077,63371.4,0.078,63363.4,0.002,63371.5,0.218,63363.0,0.355,63371.6,0.065,63362.9,0.002,63372.0,0.164,63362.6,0.476,63372.2,0.002,63362.3,0.005,63372.8,0.643,63362.1,0.002,63372.9,0.042,63362.0,0.227,63373.0,0.405,63361.8,0.002,63373.2,0.063,63361.5,0.255,63373.9,0.268
142,2024-05-07 01:12:52.646,63365.850000000006,0.09999999999854481,63365.8,6.923,63365.9,1.348,63365.6,0.18,63366.8,0.063,63365.3,0.378,63367.5,0.002,63365.2,0.204,63367.9,0.048,63365.1,0.142,63368.0,0.002,63364.6,0.364,63368.1,0.061,63364.2,0.025,63368.4,0.063,63364.0,0.184,63369.7,0.002,63363.8,0.002,63370.0,0.227,63363.7,0.002,63371.2,0.002,63363.6,0.077,63371.3,0.061,63363.4,0.002,63371.4,0.078,63363.0,0.355,63371.6,0.065,63362.9,0.002,63372.0,0.164,63362.6,0.476,63372.2,0.002,63362.4,0.11,63372.9,0.04,63362.3,0.005,63373.0,0.405,63362.1,0.502,63373.2,0.063,63362.0,0.227,63373.8,0.295,63361.8,0.002,63374.0,0.164
143,2024-05-07 01:12:53.953,63368.05,0.09999999999854481,63368.0,9.675,63368.1,0.742,63367.9,0.799,63370.0,0.004,63367.8,0.711,63371.5,0.399,63367.7,0.091,63371.6,0.065,63367.5,1.537,63372.0,0.164,63367.4,1.042,63372.2,0.002,63367.3,0.253,63372.8,0.939,63366.8,0.063,63372.9,0.022,63366.4,0.224,63373.0,0.358,63366.3,0.3,63373.2,0.063,63366.2,0.063,63373.9,0.744,63366.0,0.162,63374.0,0.164,63365.8,0.433,63374.2,0.203,63365.6,0.011,63374.4,0.004,63365.2,0.063,63374.6,0.268,63365.1,0.023,63374.7,0.337,63365.0,0.002,63374.8,0.092,63364.6,0.364,63375.0,0.002,63364.3,0.004,63375.3,0.984,63364.2,0.025,63375.4,0.024
144,2024-05-07 01:12:55.252,63368.05,0.09999999999854481,63368.0,13.608,63368.1,0.238,63367.9,0.799,63370.0,0.004,63367.8,0.711,63371.5,0.081,63367.7,0.091,63371.6,0.065,63367.5,0.537,63371.8,0.148,63367.4,1.042,63372.0,0.004,63367.3,0.253,63372.2,0.002,63367.2,0.002,63372.9,0.022,63366.8,0.063,63373.0,0.338,63366.3,0.3,63373.2,0.063,63366.2,0.063,63374.0,0.164,63366.0,0.162,63374.2,0.203,63365.9,0.19,63374.4,0.004,63365.8,0.335,63374.7,0.323,63365.6,0.011,63374.8,0.092,63365.2,0.063,63375.0,0.002,63365.1,0.023,63375.3,0.024,63365.0,0.002,63375.4,0.024,63364.6,0.365,63375.5,0.072,63364.3,0.004,63375.6,0.08
145,2024-05-07 01:12:56.565,63368.05,0.09999999999854481,63368.0,10.972,63368.1,0.263,63367.9,0.805,63370.0,0.067,63367.8,0.711,63371.5,0.081,63367.7,0.091,63371.6,0.065,63367.5,0.537,63371.8,0.148,63367.4,1.052,63372.0,0.004,63367.3,0.253,63372.2,0.002,63366.8,0.063,63372.9,0.022,63366.3,0.3,63373.0,0.023,63366.2,0.063,63373.2,0.063,63366.0,0.162,63373.9,0.076,63365.9,0.125,63374.0,0.164,63365.8,0.335,63374.2,0.203,63365.6,0.011,63374.4,0.004,63365.2,0.063,63374.8,0.092,63365.1,0.023,63375.0,0.002,63365.0,0.093,63375.3,0.024,63364.6,0.365,63375.4,0.024,63364.3,0.004,63375.5,0.072,63364.2,0.025,63375.6,0.08
146,2024-05-07 01:12:57.881,63368.05,0.09999999999854481,63368.0,5.083,63368.1,2.518,63367.9,0.577,63368.4,0.063,63367.8,1.064,63370.0,0.227,63367.5,0.323,63370.7,0.094,63367.4,0.864,63371.4,0.187,63366.8,0.063,63371.6,0.065,63366.3,0.3,63371.8,0.148,63366.2,0.063,63372.0,0.164,63366.0,0.162,63372.2,0.002,63365.9,0.125,63373.0,0.023,63365.8,0.117,63373.2,0.063,63365.6,0.011,63373.9,1.5,63365.2,0.063,63374.0,0.164,63365.1,0.023,63374.1,0.139,63365.0,0.093,63374.2,0.203,63364.6,0.365,63374.4,0.009,63364.3,0.004,63374.8,0.092,63364.2,0.025,63375.0,0.002,63364.0,0.182,63375.3,0.024,63363.8,0.002,63375.4,0.403
147,2024-05-07 01:12:59.200,63368.05,0.09999999999854481,63368.0,6.446,63368.1,1.899,63367.9,0.722,63368.4,0.063,63367.8,1.2,63370.0,0.227,63367.5,0.063,63370.6,0.094,63367.4,0.555,63370.7,0.094,63366.8,0.063,63371.4,0.187,63366.5,1.0,63371.6,0.065,63366.3,0.3,63371.8,0.148,63366.2,0.063,63372.0,0.164,63366.0,0.162,63372.2,0.002,63365.9,0.125,63373.0,0.023,63365.8,0.117,63373.2,0.063,63365.6,0.011,63374.0,0.164,63365.2,0.063,63374.2,0.203,63365.1,0.023,63374.4,0.009,63365.0,0.093,63374.7,0.096,63364.6,0.365,63374.8,0.092,63364.3,0.004,63375.0,0.002,63364.2,0.025,63375.3,0.024,63364.0,0.182,63375.4,0.277
148,2024-05-07 01:13:00.509,63374.149999999994,0.09999999999854481,63374.1,7.938,63374.2,0.487,63374.0,0.166,63374.4,0.002,63373.9,1.128,63374.8,0.092,63373.8,0.226,63375.0,0.002,63373.6,0.184,63375.3,0.024,63373.5,0.008,63375.4,0.024,63373.2,0.063,63375.5,0.072,63372.6,0.063,63375.6,0.08,63372.0,0.172,63375.7,0.032,63371.9,1.182,63376.0,0.002,63371.6,0.063,63376.2,0.268,63371.3,0.669,63376.4,0.065,63371.2,0.11,63376.5,0.002,63371.0,0.063,63376.8,0.002,63370.7,0.009,63377.2,0.002,63370.6,0.053,63378.0,0.229,63370.5,0.251,63378.2,0.002,63370.1,0.416,63378.6,0.01,63370.0,0.225,63378.7,0.149,63369.9,0.802,63378.8,0.024
149,2024-05-07 01:13:01.808,63371.149999999994,0.09999999999854481,63371.1,0.067,63371.2,12.709,63371.0,0.008,63371.3,3.351,63370.0,0.164,63371.4,1.089,63369.8,0.009,63371.6,1.679,63369.7,0.002,63371.7,0.007,63369.0,0.064,63372.0,5.628,63368.9,0.031,63372.1,5.714,63368.2,0.002,63373.2,0.063,63368.1,0.003,63374.0,0.171,63368.0,0.238,63374.1,0.865,63367.5,0.016,63374.7,0.002,63367.4,0.002,63374.8,0.063,63366.2,0.063,63375.0,0.333,63366.0,0.179,63375.1,0.348,63365.9,0.033,63375.2,0.005,63365.8,0.049,63376.0,0.313,63365.6,0.011,63376.2,0.555,63365.2,0.063,63376.4,0.318,63365.1,0.023,63376.8,0.002,63365.0,0.108,63377.2,0.002
150,2024-05-07 01:13:03.119,63361.45,0.09999999999854481,63361.4,0.378,63361.5,13.677,63361.2,0.002,63361.6,0.192,63361.0,0.071,63361.7,0.002,63360.9,0.002,63361.9,0.49,63360.4,0.708,63362.0,0.763,63360.0,0.693,63362.1,0.271,63359.9,0.002,63363.0,0.063,63359.8,0.126,63363.2,0.002,63359.5,0.043,63363.6,0.063,63359.3,0.035,63364.0,0.164,63359.2,0.003,63364.4,0.002,63359.0,0.003,63364.6,0.063,63358.8,0.063,63364.8,0.203,63358.7,0.002,63365.1,0.22,63358.5,0.004,63365.2,0.063,63358.3,0.714,63365.3,0.3,63358.2,0.938,63365.6,0.002,63358.0,0.164,63365.9,0.081,63357.9,0.051,63366.0,0.164,63357.8,0.002,63366.1,0.218
151,2024-05-07 01:13:04.433,63366.850000000006,0.09999999999854481,63366.8,7.558,63366.9,0.208,63366.6,0.852,63367.5,0.002,63366.2,0.69,63367.7,0.002,63366.1,1.373,63367.8,0.063,63366.0,0.224,63368.0,0.004,63365.9,0.253,63368.4,0.065,63365.2,0.063,63368.6,0.002,63365.0,0.015,63368.9,0.078,63364.6,0.063,63369.0,0.02,63364.4,0.006,63369.4,0.087,63364.3,0.55,63369.5,0.024,63364.0,2.283,63369.6,0.096,63363.9,0.864,63369.7,0.032,63363.6,0.063,63369.8,0.064,63363.4,0.383,63369.9,0.094,63363.3,0.002,63370.0,0.067,63363.2,0.476,63370.3,0.002,63363.1,0.07,63370.4,0.002,63363.0,0.065,63370.9,0.06,63362.0,0.164,63371.0,0.063
152,2024-05-07 01:13:05.732,63372.850000000006,0.09999999999854481,63372.8,5.877,63372.9,0.121,63372.7,0.213,63373.3,0.002,63372.6,0.185,63374.0,0.002,63372.5,1.083,63374.7,0.119,63372.0,0.197,63374.8,0.157,63371.6,0.063,63375.0,0.022,63371.0,0.063,63375.6,0.002,63370.5,0.01,63375.8,0.063,63370.4,0.006,63375.9,0.094,63370.3,0.646,63376.0,0.002,63370.2,0.527,63376.1,0.094,63370.1,0.543,63376.2,0.043,63370.0,0.225,63376.4,0.33,63369.9,0.542,63376.8,0.002,63369.8,0.232,63377.3,0.002,63369.7,0.004,63377.4,0.063,63369.6,0.54,63377.6,0.002,63369.5,0.801,63378.0,0.229,63369.4,0.063,63378.2,0.002,63369.3,0.65,63378.3,0.029
153,2024-05-07 01:13:07.034,63372.850000000006,0.09999999999854481,63372.8,3.303,63372.9,0.49,63372.6,0.063,63374.0,0.002,63372.5,1.228,63374.2,0.063,63372.0,0.229,63374.7,0.175,63371.9,0.4,63374.8,0.157,63371.7,1.212,63375.0,0.022,63371.6,0.063,63375.4,0.002,63371.0,0.063,63375.6,0.002,63370.6,0.537,63375.8,0.063,63370.5,0.55,63375.9,0.094,63370.4,0.549,63376.0,0.002,63370.3,0.253,63376.2,0.188,63370.0,0.225,63376.4,0.47,63369.8,0.008,63376.6,0.09,63369.7,0.004,63376.7,0.1,63369.5,0.16,63376.8,0.002,63369.4,0.063,63377.3,0.002,63369.3,0.65,63377.4,0.063,63369.0,1.5,63377.6,0.002,63368.9,0.15,63377.9,0.077
154,2024-05-07 01:13:08.341,63372.850000000006,0.09999999999854481,63372.8,1.166,63372.9,3.477,63372.7,0.378,63373.2,0.063,63372.5,1.228,63374.0,0.162,63372.0,0.031,63374.2,0.063,63370.3,0.253,63374.7,0.798,63370.0,0.225,63374.8,0.157,63369.8,0.008,63375.0,0.022,63369.7,0.004,63375.4,0.002,63369.5,0.16,63375.6,0.002,63369.4,0.063,63375.7,0.954,63369.3,0.65,63375.8,1.017,63368.9,0.15,63375.9,0.094,63368.8,0.403,63376.0,0.162,63368.6,0.29,63376.2,0.188,63368.4,0.063,63376.3,1.5,63368.2,0.002,63376.4,0.47,63368.0,0.164,63376.6,0.09,63367.8,0.063,63376.7,0.1,63367.5,0.153,63376.8,0.002,63367.4,0.253,63377.3,0.002
155,2024-05-07 01:13:09.641,63372.850000000006,0.09999999999854481,63372.8,3.187,63372.9,0.82,63372.7,0.378,63373.2,0.063,63372.6,0.063,63374.0,0.005,63372.5,1.228,63374.2,0.063,63372.0,0.191,63374.7,0.175,63371.8,0.253,63374.8,0.157,63371.6,0.063,63375.0,0.022,63371.0,0.063,63375.4,0.002,63370.3,0.253,63375.6,0.002,63370.2,0.003,63375.8,0.063,63370.0,0.225,63375.9,0.094,63369.8,0.008,63376.0,0.162,63369.7,0.541,63376.2,0.188,63369.6,0.518,63376.4,0.47,63369.5,0.681,63376.6,0.09,63369.4,0.584,63376.7,0.1,63369.3,0.65,63376.8,0.002,63368.9,0.15,63377.3,0.002,63368.8,0.403,63377.4,0.063,63368.6,0.29,63377.6,0.002
156,2024-05-07 01:13:10.959,63372.850000000006,0.09999999999854481,63372.8,3.455,63372.9,0.564,63372.7,0.378,63374.0,0.005,63372.6,0.063,63374.2,0.063,63372.5,1.228,63374.7,0.175,63372.0,0.191,63374.8,0.157,63371.8,0.253,63375.4,0.002,63371.6,0.063,63375.6,0.002,63371.0,0.063,63375.7,0.023,63370.3,0.253,63375.8,0.063,63370.2,0.003,63375.9,0.094,63370.0,0.225,63376.0,0.162,63369.8,0.008,63376.2,0.188,63369.7,0.004,63376.4,0.47,63369.5,0.16,63376.6,0.09,63369.4,0.063,63376.7,0.1,63369.3,0.65,63376.8,0.002,63368.9,0.15,63377.3,0.002,63368.8,0.403,63377.4,0.063,63368.6,0.29,63377.6,0.002,63368.4,0.063,63377.9,0.077
157,2024-05-07 01:13:12.261,63372.850000000006,0.09999999999854481,63372.8,3.093,63372.9,0.484,63372.7,0.516,63374.0,0.002,63372.6,0.063,63374.2,0.063,63372.5,1.228,63374.7,0.132,63372.2,0.006,63374.8,0.157,63372.0,0.191,63375.3,0.003,63371.8,0.263,63375.4,0.002,63371.6,0.063,63375.6,0.002,63371.1,0.01,63375.8,0.063,63371.0,0.063,63375.9,0.094,63370.4,0.006,63376.0,0.002,63370.3,0.253,63376.1,0.165,63370.2,0.003,63376.2,0.145,63370.0,0.225,63376.4,0.49,63369.8,0.008,63376.6,0.09,63369.7,0.545,63376.7,0.1,63369.6,0.59,63376.8,0.002,63369.5,0.702,63377.3,0.002,63369.4,0.585,63377.4,0.063,63369.3,0.65,63377.6,0.002
158,2024-05-07 01:13:13.560,63372.850000000006,0.09999999999854481,63372.8,3.286,63372.9,0.535,63372.7,0.522,63374.0,0.002,63372.6,0.063,63374.2,0.063,63372.5,1.228,63374.7,0.132,63372.3,0.01,63374.8,0.157,63372.2,0.006,63375.3,0.003,63372.0,0.191,63375.4,0.002,63371.8,0.263,63375.6,0.002,63371.6,0.063,63375.8,0.063,63371.1,0.01,63375.9,0.094,63371.0,0.063,63376.0,0.002,63370.4,0.006,63376.2,0.145,63370.3,0.253,63376.4,0.468,63370.2,0.003,63376.5,0.022,63370.0,0.225,63376.6,0.09,63369.8,0.008,63376.7,0.1,63369.7,0.545,63376.8,0.002,63369.6,0.628,63377.3,0.002,63369.5,0.692,63377.4,0.063,63369.4,0.585,63377.6,0.002
159,2024-05-07 01:13:14.879,63372.850000000006,0.09999999999854481,63372.8,2.81,63372.9,0.99,63372.7,0.516,63373.2,0.063,63372.6,0.063,63374.0,0.162,63372.5,1.228,63374.2,0.063,63372.3,0.01,63374.7,0.199,63372.0,0.191,63374.8,0.157,63371.8,0.263,63374.9,0.094,63371.6,0.063,63375.3,0.003,63371.1,0.01,63375.4,0.002,63371.0,0.063,63375.6,0.002,63370.4,0.006,63375.8,0.063,63370.3,0.253,63375.9,0.094,63370.2,0.003,63376.0,0.162,63370.0,0.225,63376.2,0.145,63369.8,0.008,63376.4,0.468,63369.7,0.004,63376.5,0.022,63369.5,0.15,63376.6,0.09,63369.4,0.063,63376.7,0.1,63369.3,0.65,63376.8,0.002,63368.9,0.15,63377.3,0.002
160,2024-05-07 01:13:16.186,63384.45,0.09999999999854481,63384.4,4.782,63384.5,1.749,63384.3,0.672,63385.3,0.25,63384.1,0.002,63386.0,0.225,63384.0,0.228,63386.4,0.063,63383.8,0.004,63386.8,0.094,63383.6,0.994,63387.5,0.228,63383.3,0.002,63387.6,0.063,63383.2,0.972,63388.0,0.162,63383.1,0.005,63388.1,0.391,63383.0,0.946,63388.5,0.002,63382.9,0.978,63388.8,0.063,63382.8,0.969,63389.2,0.063,63382.5,0.004,63389.9,0.224,63382.4,0.253,63390.0,0.225,63382.1,0.023,63390.1,0.261,63382.0,0.164,63390.2,0.552,63381.7,0.525,63390.8,0.613,63381.6,0.065,63390.9,0.078,63381.5,0.144,63391.2,0.063,63381.2,0.063,63391.5,0.072
